3442 5175
863 357 929 426 232

313 551 486 636 efficiunt3
508 553 593 641 quin
613 552 718 620 etiam
739 573 866 620 nomen
887 553 1111 622 Zarathustra
1130 574 1249 622 vocem
1268 561 1362 624 astra
1382 556 1432 646 (h.
1445 577 1475 624 e.

313 677 480 765 camelus)
508 678 684 744 continere
707 676 904 766 opinantur.
931 675 1033 765 Apud
1058 678 1231 746 Romanos
1254 700 1391 769 quoque
1413 700 1474 748 no-

314 803 407 870 mina
431 801 604 892 permulta
626 802 865 870 totemismum
889 801 1043 870 redolere
1067 803 1248 886 videntur;
1272 805 1315 871 ad
1338 805 1475 895 plantas

312 927 405 995 enirn
440 927 526 994 haec
559 925 754 1015 pertinent:
790 925 927 1008 Cicero,
962 926 1105 1015 Caepio,
1142 928 1325 1016 Lentulus,
1361 929 1473 1012 Stolo,

312 1050 408 1135 Piso,
438 1049 582 1130 FabiuS,
615 1049 794 1119 Cornelius
825 1053 996 1136 (cornus),
1029 1052 1071 1120 ad
1104 1053 1284 1121 animalia:
1309 1053 1473 1137 Corbulo,

312 1174 463 1255 Merula,
496 1175 739 1262 Vespasianus.
770 1175 1000 1244 Probabiliter
1025 1178 1134 1266 igitur
1157 1179 1327 1246 coniicere
1349 1198 1473 1267 possu-

312 1319 406 1385 muS,
436 1299 732 1368 Indo-Germanos
762 1300 832 1366 iam
864 1306 1052 1390 autequam
1080 1302 1117 1369 in
1141 1302 1294 1371 diversas
1317 1304 1476 1391 regiones

312 1424 528 1494 discederent
549 1428 760 1495 totemorum
785 1424 936 1493 cultores
959 1425 1073 1493 luisse.

759 1762 953 1833 dirus
983 1764 1024 1831 V.

363 1981 414 2048 lle
436 1980 642 2048 animalium
665 1981 833 2047 arborum
857 1997 1026 2047 saxorum
1050 1980 1148 2046 cultu
1171 1979 1263 2063 apud
1286 1982 1424 2048 eeteros

651 2104 799 2187 populos
821 2102 1131 2172 Indo-Germanos.

355 2316 372 2405 ξ
395 2314 449 2382 30.
474 2315 540 2383 Sed
564 2313 606 2382 de
629 2316 874 2385 verisimilibus
897 2317 941 2383 ad
964 2336 1019 2383 res
1043 2321 1156 2384 certas
1176 2322 1403 2384 transeamus.
1425 2316 1476 2384 De

309 2441 507 2509 totemismo
526 2440 618 2530 apud
637 2441 781 2530 populos
802 2440 1095 2546 Indo-Germanos
1114 2440 1239 2529 aliquis
1251 2439 1474 2520 dubitaverit,

310 2565 513 2635 animalium
533 2564 731 2654 plantarum
753 2585 915 2633 saxorum
929 2564 1197 2650 venerationem,
1211 2563 1476 2653 qualiscumque

310 2694 432 2774 fuerit,
455 2691 640 2780 aliquando
664 2691 755 2779 apud
778 2711 836 2759 eos
856 2690 1008 2778 viguisse
1031 2690 1125 2757 omni
1150 2688 1255 2757 dubio
1278 2690 1389 2757 maius
1409 2696 1475 2757 est.

310 2818 427 2907 Atque
449 2816 514 2884 hoc
536 2837 642 2906 quam
666 2815 815 2883 maxime
838 2815 991 2903 pertinet
1014 2813 1057 2881 ad
1077 2814 1316 2902 quaestionem
1336 2814 1475 2881 solven-

310 2944 389 3010 dam
418 2947 537 3010 utrum
561 2941 684 3009 Graeci
707 2941 794 3008 tales
816 2940 1080 3029 superstitiones
1100 2959 1121 3005 a
1143 2939 1280 3028 populis
1303 2939 1474 3020 externis,

309 3066 481 3156 imprimis
512 3065 701 3146 Semiticis,
733 3065 929 3154 acceperint
960 3070 1021 3132 aut
1051 3086 1071 3132 a
1101 3064 1274 3153 prioribus
1309 3064 1475 3132 Graeciae

310 3191 430 3258 incolis
453 3190 656 3270 asciverint,
681 3211 725 3257 an
747 3190 811 3278 ipsi
832 3191 904 3256 iam
923 3194 1110 3277 antequam
1131 3190 1166 3256 in
1181 3189 1362 3257 Graeciam
1373 3190 1474 3257 veui·

310 3320 389 3382 rent
412 3313 575 3381 animalia
598 3314 735 3402 plantas
758 3335 841 3382 saxa
865 3313 1021 3380 venerati
1044 3314 1123 3381 siut.
1147 3313 1259 3402 Vulgo
1283 3314 1475 3383 creduntur

311 3439 347 3505 hi
371 3439 485 3517 cultus
509 3439 649 3507 Graecis
672 3459 742 3506 nou
764 3460 837 3506 esse
858 3439 1007 3527 proprii,
1031 3459 1194 3506 saxorum
1218 3439 1331 3507 cultus
1349 3440 1475 3528 impri-

311 3563 376 3630 mis
396 3584 416 3629 a
436 3562 575 3631 Semitis
594 3563 728 3632 delatus
747 3584 821 3631 esse
841 3564 1079 3650 existimatur,
1094 3583 1220 3652 parum
1231 3567 1352 3631 tamen
1363 3563 1475 3633 iustas

311 3688 354 3755 ob
378 3707 508 3755 causas.
530 3689 618 3754 Nam
640 3708 738 3767 cum,
759 3691 798 3754 ut
818 3687 987 3769 vidimus,
1001 3688 1145 3755 huiusce
1157 3689 1294 3777 generis
1306 3690 1475 3777 supersti-

310 3812 422 3880 tiones
455 3812 547 3901 apud
577 3811 689 3880 nullos
719 3811 791 3879 fere
822 3811 966 3900 populos
996 3833 1067 3880 nou
1097 3813 1291 3900 viguerint,
1321 3814 1392 3880 iam
1415 3814 1476 3881 vix

311 3938 559 4007 crediderimus
582 3938 646 4005 hoc
670 3936 761 4025 quod
785 3938 979 4006 humanum
1004 3943 1094 4005 esset
1115 3958 1136 4004 a
1160 3936 1301 4006 Graecis
1321 3938 1475 4006 alienum

310 4062 426 4130 fuisse.
452 4061 518 4129 Sed
541 4062 713 4151 imprimis
732 4081 775 4129 ex
795 4083 832 4129 re
852 4062 964 4130 videri
984 4062 1111 4152 poterit
1131 4061 1172 4129 de
1185 4062 1320 4150 populis
1332 4062 1475 4133 Graecis

312 4187 468 4274 cognatis
490 4186 587 4274 prius
608 4188 804 4255 accuratius
827 4188 954 4255 videre.

355 4310 373 4399 ἓ
396 4309 449 4378 31.
474 4309 513 4377 ln
536 4311 641 4378 Vedis
664 4312 759 4400 equi,
782 4312 893 4398 tauri,
919 4311 1040 4393 boveS,
1065 4314 1170 4398 asini,
1195 4333 1313 4395 canes,
1339 4334 1474 4399 verreS‚

311 4434 520 4519 testudines,
545 4435 683 4520 simiae,
706 4456 803 4521 aves,
828 4442 1007 4525 serpentes
1030 4437 1139 4505 divini
1161 4440 1298 4529 saepius
1319 4460 1473 4508 comme-
