3442 5175
875 409 920 474 68

312 607 495 688 Phliunte,
531 605 659 694 Paphi,
692 603 942 689 Alexandriae,
967 603 1191 685 Antiochiae,
1217 602 1485 690 Hierosolymis,

312 736 432 819 postea
455 729 606 816 denique
630 726 929 814 Constantinopoli
949 730 984 793 et
1005 726 1154 793 Nicaeae
1167 725 1355 793 umbilicus
1367 745 1485 792 sacro-

313 859 454 921 sanctus
474 857 549 919 erat
569 851 670 937 (Vide
692 851 774 918 Bab.
795 850 926 917 Introd.
939 850 1079 935 XLVI).
1093 849 1142 916 De
1155 849 1320 917 umbilico
1334 847 1486 916 Phliasio

313 978 386 1066 agit
408 977 509 1043 Paua
535 974 566 1041 ΙΙ
590 973 652 1060 ts,
676 972 714 1041 7:

357 1109 396 1168 οὐ
419 1108 527 1188 πόρρω
551 1105 586 1165 δέ
608 1107 692 1165 ἐστιν
713 1106 730 1164 ὁ
753 1104 953 1181 καλούμενος
980 1102 1151 1181 Ὀμφαλός,
1176 1102 1433 1181 Πελοποννήσου
1452 1100 1487 1161 δὲ

313 1234 418 1310 πάσης
439 1232 548 1318 μέσον,
574 1232 602 1289 εἰ
625 1227 663 1306 δὴ
686 1231 724 1288 τὰ
747 1229 824 1289 ὄντα
849 1231 1021 1309 εἰρήκασιν.
1099 1288 1103 1295 ,

359 1348 409 1416 De
433 1347 597 1416 umbilico
621 1345 772 1432 Paphio:
799 1345 948 1431 Hesych.
973 1365 999 1411 s.
1014 1365 1044 1410 v.
1063 1350 1130 1430 Γῆς
1149 1351 1306 1429 ὀμφαλός·
1329 1349 1487 1428 Melpes

313 1487 368 1541 aaz
392 1479 519 1558 Δελφοί.
545 1470 594 1537 Cf.
619 1488 781 1536 nummos
805 1467 966 1555 Paphios.

361 1596 555 1665 Antiochus
586 1594 601 1660 I
633 1592 733 1661 Soter
767 1598 973 1670 ’Λπόλλωνος
1000 1591 1136 1659 cultum
1159 1591 1196 1658 in
1221 1591 1407 1657 Antiochia
1431 1589 1486 1655 in-

315 1722 447 1807 stituit,
478 1738 679 1806 novumque
713 1715 920 1784 umbilicum
945 1716 1074 1799 erexit,
1096 1722 1278 1804 tamquam
1302 1714 1488 1781 Antiochia

316 1846 409 1913 orbis
434 1849 609 1911 terrarum
635 1845 795 1907 centrum
820 1845 921 1906 osset.
955 1879 967 1892 x

361 1966 474 2034 Malal.
507 1965 697 2052 Chronogr.
730 1964 780 2048 X,
811 1984 844 2051 p.
873 1960 941 2029 233
972 1962 1092 2029 Dino:
1116 1972 1200 2041 ὅσος
1222 1973 1317 2041 τόπος
1339 1970 1488 2050 κέκληται

316 2102 334 2160 ὁ
354 2097 503 2177 ὀμφαλὸς
526 2102 578 2175 τῆς
597 2094 731 2169 πόλεως,
756 2094 840 2174 ἔχων
862 2099 918 2153 καὶ
941 2095 1040 2154 τύπον
1063 2094 1320 2188 ἑγγεγλνμμένον
1343 2098 1378 2156 ἐν
1400 2095 1488 2173 λίθῳ

318 2222 506 2301 ὀφθαλμοῦ.
533 2213 581 2280 Gt
606 2188 769 2279 nummos
794 2230 916 2298 regum
943 2209 1215 2280 Seleucirlarum.
1558 2206 1561 2211 ’

360 2338 400 2404 ln
424 2339 562 2425 pictura
585 2336 737 2424 quadam
763 2334 947 2414 vasculari,
972 2334 1132 2402 Gerhard
1156 2336 1305 2403 Vasenb.
1329 2335 1489 2420 ablat,

316 2461 502 2529 umbilicus
531 2457 785 2546 Thymbraicus
815 2458 1045 2545 conspicitur,
1076 2458 1176 2526 iuxta
1206 2479 1312 2547 quem
1337 2459 1490 2527 Achilles

317 2583 471 2652 Troilum
514 2586 625 2649 necat.
668 2586 821 2648 ΒΩΜΟΣ
853 2580 996 2669 quidem
1031 2581 1064 2648 ei
1097 2582 1288 2670 ascriptum
1324 2589 1393 2669 est,
1429 2583 1489 2651 sed

316 2707 520 2777 scholiastae
554 2706 599 2773 ad
631 2706 755 2774 Aesch.
780 2706 926 2773 Eumen.
950 2705 995 2772 34
1020 2706 1225 2794 Delphicum
1248 2727 1389 2796 quoque
1413 2728 1489 2774 um·

316 2832 459 2900 bilicum
483 2839 596 2915 βομόν
619 2837 833 2917 nuncupant.

366 2955 575 3024 Umbilicum
590 2953 795 3041 Delphicum
808 2973 889 3019 cum
903 2952 1043 3020 oraculo
1056 2973 1162 3041 quarn
1175 2953 1347 3020 artissime
1360 2954 1489 3021 cohae-

317 3080 400 3147 sisse
435 3079 512 3145 aliis
534 3077 709 3166 lapidibus
733 3097 794 3144 seu
818 3076 996 3163 stipitibus
1019 3078 1126 3144 sacris
1151 3076 1285 3144 collatis
1308 3076 1409 3143 facile
1433 3078 1489 3143 in-

316 3202 495 3288 telligitur.
530 3207 601 3279 Διὸς
635 3201 728 3268 enim
763 3206 935 3285 Ἄμμωνος
966 3200 1195 3269 simulacrum
1220 3202 1360 3269 oracula
1383 3202 1490 3269 edens

317 3326 404 3393 nihil
435 3331 511 3392 erat
542 3325 607 3392 nisi
639 3322 827 3391 umbilicus
850 3323 986 3410 ligneus
1010 3324 1051 3390 cf.
1077 3324 1172 3392 Gurt.
1198 3324 1277 3392 Rus.
1302 3324 1348 3392 IV
1373 3324 1404 3404 7,
1428 3324 1488 3390 13:

319 3450 380 3516 »Io
412 3448 505 3538 quod
539 3469 602 3537 pro
638 3447 701 3514 deo
732 3446 869 3528 colitur,
900 3466 968 3514 non
1001 3448 1146 3515 eandem
1180 3447 1329 3536 effigiem
1366 3447 1489 3532 habet,

317 3593 425 3662 quam
438 3572 541 3660 vulgo
554 3571 619 3638 diis
631 3569 781 3638 artifices
795 3570 1156 3655 accommodaverunt
1165 3571 1330 3639 umbilico
1340 3571 1490 3638 maxime

317 3695 439 3762 similis
479 3701 531 3762 est
565 3694 721 3773 habituS,
758 3693 942 3781 smaragdo
978 3699 1013 3761 et
1046 3695 1194 3782 gemmis
1229 3696 1491 3784 coagmentatis,

320 3819 438 3904 Hunc,
474 3839 553 3885 cum
589 3836 794 3905 responsum
829 3817 980 3904 petitur,
1017 3819 1156 3905 navigio
1191 3825 1315 3887 aurato
1350 3825 1490 3907 gestant

318 3942 531 4040 sacerdoteS,
568 3940 688 4008 multis
723 3940 898 4029 argenteis
932 3940 1062 4027 pateris
1097 3940 1141 4008 ab
1176 3948 1327 4030 utroque
1360 3943 1490 4032 navigii

317 4066 426 4133 latere
450 4065 712 4153 pendentibus'’.
740 4064 789 4131 uf.
816 4064 914 4131 Diod.
940 4063 1006 4132 Sic.
1031 4062 1129 4131 XVII
1153 4063 1208 4130 50.
1232 4065 1304 4131 Nec
1324 4065 1490 4133 nonbae-

317 4186 412 4275 tylus
442 4188 586 4254 Emesae
616 4188 653 4254 in
684 4187 771 4255 urbe
803 4187 924 4275 Syriae
948 4187 1113 4255 adoratus
1136 4187 1275 4254 oracula
1300 4187 1424 4254 edebat
1448 4187 1491 4254 cf.

319 4309 419 4376 Phot.
457 4310 542 4377 Bibl.
579 4311 651 4378 cod.
687 4310 771 4394 242,
807 4330 840 4398 p.
872 4308 938 4376 348
969 4310 1105 4376 Behker
1137 4310 1312 4396 (Damaso.
1347 4311 1383 4376 in
1417 4311 1491 4376 vita

318 4432 473 4519 Isidori):
497 4447 574 4515 „aul
592 4442 764 4522 γράμματα
784 4438 943 4516 ἀνέδειξεν
960 4443 1038 4518 ἡμῖν
1057 4442 1091 4500 ἑν
1110 4445 1151 4519 τῷ
1169 4440 1258 4519 λίθῳ
1269 4441 1486 4523 γεγραμμένα,
