3442 5175
516 1270 567 1342 Β.
591 1270 658 1341 De
681 1268 904 1355 stipitum
926 1268 1249 1354 veneratione.

782 1534 992 1543 ——-——--

354 1740 385 1804 Ι.
417 1739 468 1806 De
499 1739 685 1823 stipitibus
715 1758 736 1805 a
766 1737 911 1807 Graecis
941 1739 1120 1819 tamquam
1150 1737 1295 1805 deorum
1325 1739 1468 1806 sedibus

310 1863 481 1932 ederatis.

355 2084 405 2152 ef.
438 2084 653 2172 Xenophont.
679 2084 781 2152 Mem.
807 2083 821 2151 Ι
844 2083 884 2168 i,
908 2082 952 2151 14
975 2088 1010 2151 et
1032 2082 1137 2151 Glem.
1164 2082 1260 2152 Alex.
1285 2084 1397 2152 Proir.
1422 2084 1468 2151 IV

311 2208 372 2293 46,
397 2229 502 2298 supra
531 2207 605 2276 Lib.
630 2206 757 2296 1152.

356 2421 449 2508 §82
476 2419 541 2511 [1].
565 2420 683 2488 icari
707 2425 889 2510 (Ἄρτεμις).

357 2545 462 2615 Clem.
494 2545 590 2614 Alex.
620 2547 731 2614 Proir.
758 2545 804 2614 IV
827 2546 936 2615 46...
961 2557 995 2616 ἐν
1019 2554 1134 2637 Ἰκάρῳ
1158 2563 1210 2635 τῆς
1233 2555 1416 2638 Ἀρτέμιδος
1437 2561 1471 2618 τὸ

313 2681 448 2759 ἄγαλμα
471 2680 570 2756 ξύλον
592 2683 631 2758 ἦν
654 2683 711 2740 οὐκ
733 2683 942 2761 ἠργασμὲνον.

357 2796 486 2864 Arnob.
521 2796 598 2863 adv.
629 2802 721 2885 gent.
755 2797 802 2864 VI
833 2797 939 2866 ii...
971 2797 1104 2885 lignum
1134 2797 1262 2866 Icarios
1292 2797 1471 2887 (coluisse)

313 2941 375 3009 pro
398 2920 509 2987 Diana
531 2920 735 2988 indolatum.

358 3132 375 3221 §
394 3132 447 3201 83.
469 3132 534 3224 [2].
556 3133 775 3221 Thespiis,
796 3135 832 3201 in
849 3133 935 3201 urbe
948 3135 1109 3202 Boeotiae
1122 3142 1230 3225 (Ἥρα
1241 3141 1470 3226 Κιθαιρωνὶα).

358 3257 462 3329 Clem.
498 3257 594 3325 Alex.
630 3258 768 3325 ibidem.
803 3273 857 3328 nai
892 3271 925 3327 ιὸ
959 3275 1010 3346 τῆς
1043 3267 1268 3349 Κιθαιρωνὶας
1299 3269 1405 3350 Ἥρας
1434 3271 1473 3329 ,ἐν

315 3387 437 3471 &eante
458 3391 600 3472 πρέμνον
622 3392 862 3470 ἐκκεκομμένον.

360 3507 489 3575 Arnob.
510 3507 639 3576 ibidem
654 3557 661 3574 .
675 3558 704 3575 ..
725 3529 863 3577 ramum
883 3530 945 3598 pro
965 3509 1087 3578 Cinxia
1108 3509 1274 3597 Thespios
1286 3508 1473 3598 (coluisse).

358 3722 375 3811 ς’
399 3721 452 3789 84.
478 3721 544 3813 [3].
570 3722 686 3790 Sami
710 3729 839 3814 (Ἥρα).

360 3849 465 3916 Clem.
500 3847 597 3917 Alex.
628 3849 768 3917 ibidem.
799 3863 853 3918 uoci
884 3861 918 3917 ιὸ
949 3865 1000 3936 τῆς
1023 3856 1152 3935 Σαμίοις
1174 3855 1288 3939 Ἥρας,
1313 3861 1355 3929 ὥς
1378 3877 1474 3936 φησιν

315 3979 475 4056 Ἀέθλιος,
510 3983 661 4063 πρότερον
693 3984 755 4060 μὲν
788 3984 828 4059 ἦν
857 3984 958 4057 σανίς,
991 3984 1122 4063 ὕστερον
1151 3980 1184 4041 δὲ
1214 3984 1267 4043 ἐπὶ
1289 3981 1475 4063 Προκλέους

317 4110 470 4189 ἄρχοντος
493 4105 742 4189 ἀνδριανιοειὸὲς
765 4107 895 4184 ἐγένετο.

361 4225 452 4293 Plut.
489 4224 573 4291 Mor.
609 4225 638 4292 V
670 4245 701 4312 p.
736 4222 801 4290 762
830 4223 1057 4312 (Wyttenb),
1089 4224 1181 4312 apud
1204 4224 1328 4292 Euseb.
1354 4226 1474 4312 Praep.

317 4351 447 4437 Evang.
480 4348 528 4416 ΙΙΙ
559 4347 589 4417 8.
621 4355 727 4437 Ἥρας
757 4353 790 4415 δὲ
819 4361 874 4415 καὶ
903 4353 1024 4432 Σάμιοι
1055 4355 1185 4430 ξύλινον
1208 4360 1296 4436 εἶχον
1319 4355 1410 4432 elios,
1435 4360 1476 4430 ὥς

318 4501 395 4562 φησι
417 4478 643 4561 Καλλίμαχος·
670 4472 787 4561 (frgm.
810 4470 877 4539 405
901 4471 1102 4558 Schneider)
