3442 5175
807 420 851 487 <to

245 614 484 682 totemismum
505 619 539 681 et
560 619 778 682 mortuorum
801 615 954 697 cultum,
977 617 1042 682 hoc
1055 616 1097 682 ad
1110 616 1214 683 aliam
1228 616 1417 683 venerandi

246 740 415 807 rationem
441 738 484 806 de
509 759 578 827 qna
601 739 756 806 nondum
777 739 885 807 locuti
905 761 1042 825 sumus,
1058 741 1221 828 pertinet.
1241 739 1417 808 Nonnulla

247 864 338 930 enim
363 862 547 947 animalia,
567 863 769 931 hominibus
790 864 994 947 utilissima,
1019 864 1184 952 quoniam
1210 884 1351 931 carnem
1375 864 1417 930 iis

246 986 414 1074 praebent
446 986 490 1053 ad
517 986 709 1068 edendum,
736 993 923 1075 cutemque
948 1008 1047 1055 suam
1071 991 1111 1054 ut
1134 988 1177 1054 iis
1199 1007 1262 1076 pro
1286 987 1417 1055 vestitu

246 1111 307 1194 sit,
343 1111 440 1186 velut
473 1112 564 1195 ursi,
600 1111 649 1178 ita
680 1111 860 1194 coluntur,
892 1116 932 1179 ut
964 1111 1071 1179 catuli
1102 1132 1223 1180 eorum
1258 1111 1418 1179 nonnulli

246 1236 338 1323 capti
368 1255 506 1303 summa
529 1256 614 1303 cura
638 1236 832 1304 educentur
855 1241 960 1324 atque
985 1236 1188 1321 foveantur3
1214 1257 1282 1324 quo
1310 1236 1418 1303 ceteri

246 1360 376 1448 placari
399 1360 624 1449 putantur1).

290 1483 308 1571 ξ
338 1483 391 1551 2l.
421 1484 682 1551 Diversissimas
712 1485 821 1573 igitur
852 1485 895 1553 ob
928 1507 1066 1567 causas,
1099 1469 1275 1573 variisque
1306 1484 1418 1560 modis

246 1608 410 1674 animalia
433 1608 694 1676 venerationem
718 1608 847 1676 babere
871 1614 1023 1702 constat3
1048 1609 1083 1676 id
1106 1613 1224 1676 tamen
1249 1607 1418 1675 veredici
1461 1672 1464 1675 ,

247 1751 345 1819 posse
377 1732 534 1817 videtur,
563 1754 582 1800 e
615 1734 729 1801 causis
758 1754 865 1822 supra
888 1735 1102 1803 enumeratis
1125 1735 1276 1822 primam
1300 1737 1336 1801 e't
1358 1753 1417 1820 po·
1504 1738 1507 1742 ’

247 1861 412 1923 stremam
435 1861 597 1938 tantum,
622 1877 710 1945 quae
728 1856 771 1923 ad
791 1858 909 1944 robur,
931 1858 1160 1943 velocitatem,
1181 1857 1418 1944 calliditatem,

247 1986 308 2047 aut
341 1980 384 2046 ad
418 1980 608 2048 utilitatem
643 1981 863 2069 pertineant,
896 1982 940 2049 ab
971 1982 1155 2050 animismo
1186 1981 1419 2070 segregandas

247 2124 336 2187 esse3
357 2124 572 2192 quamquam
593 2105 738 2172 fortasse
758 2126 819 2172 eae
840 2126 979 2193 quoque
992 2126 1073 2174 cum
1094 2106 1278 2172 animismo
1291 2104 1417 2171 cohae-

247 2233 344 2311 rent3
379 2228 544 2295 animalia
575 2229 669 2296 enim
704 2229 763 2295 illa
798 2250 869 2296 non
904 2230 1123 2313 colerentur,
1158 2230 1225 2297 nisi
1260 2231 1418 2296 animum

246 2352 421 2419 humanae
452 2353 562 2420 menti
593 2353 741 2420 similem
766 2354 839 2420 sive
872 2374 912 2420 ea
947 2355 1162 2442 superiorem
1194 2354 1323 2421 habere
1355 2374 1418 2442 pu·

247 2479 416 2543 tarentur.

688 2743 883 2813 CAPUT
921 2746 983 2813 vl.

411 2932 462 2998 lle
486 2935 655 2999 arborum
677 2933 919 3000 venerationis
943 2934 1060 3000 causis
1085 2932 1250 3000 dirersis.

291 3115 309 3203 ᾗ
331 3115 385 3182 22.
419 3115 639 3185 Animalibus
658 3118 818 3184 tractatis
842 3117 886 3183 ad
910 3118 1052 3185 arbores
1075 3121 1304 3183 transeamus.
1325 3113 1419 3192 Quas

246 3260 316 3306 non
347 3241 465 3309 minus
487 3262 593 3329 quam
625 3241 790 3309 animalia
814 3242 996 3310 hominum
1020 3240 1233 3308 incultorum
1257 3239 1419 3327 opinione

246 3364 404 3432 animum
427 3365 557 3433 habere
578 3366 649 3432 iam
669 3365 838 3449 vidimus3
859 3386 1004 3454 corpora
1023 3365 1173 3453 denique
1193 3364 1252 3431 illa
1264 3363 1419 3430 animata

246 3486 363 3555 dolore
405 3488 513 3571 affici,
556 3510 713 3579 gemere,
756 3491 842 3578 quin
886 3490 991 3556 etiam
1031 3490 1237 3577 sanguinem
1271 3488 1418 3556 fundere

246 3611 455 3699 creduntur,
487 3615 515 3681 si
547 3614 691 3683 vulnera
721 3615 764 3682 iis
798 3615 1021 3702 infligantur,
1057 3614 1140 3700 quia
1174 3612 1270 3681 nulla
1306 3633 1344 3679 re
1374 3613 1418 3680 ab

246 3736 446 3805 hominibus
477 3743 512 3805 et
542 3739 752 3807 animalibus
779 3738 919 3806 differre
946 3738 1201 3805 existimantur.
1233 3738 1418 3834 Nonnum-

246 3881 353 3948 quam
385 3867 605 3930 mortuorum
636 3862 771 3929 animos
793 3864 831 3928 in
856 3861 997 3930 arbores
1021 3862 1171 3929 transire
1195 3861 1290 3928 credi
1313 3882 1419 3950 supra

246 3984 315 4051 iam
341 3992 575 4055 memoratum
600 3988 701 4073 estl).
728 3987 794 4055 Sed
819 3987 920 4055 aliter
944 4008 999 4055 res
1023 4008 1059 4055 se
1083 3987 1208 4072 habet,
1232 3987 1261 4054 si
1280 3987 1419 4055 animus

284 4315 303 4381 ¹)
322 4316 424 4368 Frazer
442 4317 460 4368 l.
472 4317 490 4369 l.
509 4334 535 4385 p.
555 4320 615 4369 132.

283 4403 304 4470 a)
323 4404 395 4457 Vide
421 4405 481 4456 Lib.
508 4405 522 4455 I
542 4407 557 4471 ξ
578 4408 620 4456 11.
641 4403 683 4456 Of.
704 4405 828 4471 Wilken,
848 4405 1002 4456 Animisme
1022 4422 1068 4472 pp.
1089 4407 1121 4455 75
1141 4421 1195 4470 sq.;
1214 4403 1315 4455 Frazer
1335 4403 1366 4455 G.
1386 4400 1416 4454 B.

246 4491 261 4542 I
281 4509 307 4559 p.
327 4496 376 4557 623
395 4492 578 4559 Momfflafflt,
598 4493 704 4545 Antike
725 4494 821 4546 Wald-
840 4494 898 4545 und
918 4493 1066 4544 Feldlrulto
1085 4509 1130 4560 pp.
1151 4495 1185 4544 20
1204 4509 1263 4559 sqq.
1395 4490 1396 4493 ’
