3442 5175
346 689 421 757 lle.
457 690 507 755 De
541 689 731 757 arboribus
765 688 844 757 idea
875 708 897 755 a
927 687 1073 757 GraeeIS
1103 689 1281 774 aderatis,
1305 692 1397 773 qued
1420 692 1465 759 ad

302 815 428 884 herees
451 814 687 899 pertinerent.

346 1055 363 1145 §
388 1053 461 1123 118.
486 1053 551 1145 [1].
576 1053 738 1122 Aulide
761 1055 1013 1140 (Ἀγαμέμνονος
1035 1051 1221 1141 platanus).

348 1180 446 1248 Hom.
470 1178 567 1247 Iliad.
591 1179 619 1245 B
640 1176 716 1245 3115.

433 1314 510 1389 ἦμες
533 1305 647 1388 δ’ἀμφέ
669 1315 741 1392 περὶ
764 1312 882 1390 κρήνην
905 1312 1009 1390 ἱεροὺς
1030 1313 1110 1370 κατὰ
1131 1310 1261 1387 βωμοὺς

436 1431 607 1517 ’[έρέομεν
630 1435 824 1495 ἀθανάτοισι
847 1434 1018 1513 τεληέσσας
1040 1434 1234 1512 ἑκατόμβας,

432 1559 517 1640 καλῇ
540 1560 603 1619 άπὸ
625 1558 844 1637 πλατανίστῳ,
871 1559 951 1619 ὅθεν
974 1557 1054 1641 ’ρέεν
1077 1558 1201 1637 ἀγλαὸν
1223 1556 1316 1642 ὕδωρ.

346 1676 437 1743 Paus
471 1676 519 1743 IX
554 1674 614 1760 19,
649 1675 680 1743 7.
711 1682 888 1745 Πλατάνου
922 1680 955 1742 δέ
985 1687 1022 1761 ἧς
1050 1691 1105 1745 καὶ
1127 1684 1266 1767 Ὅμηρος
1288 1687 1323 1745 έν
1346 1682 1465 1748 Ἰλιάδι

195 1855 198 1859 .
302 1810 473 1886 ἐποιήσατο
494 1812 641 1888 μνήμην,
665 1812 699 1869 τὸ
721 1809 765 1869 ἔτι
789 1813 843 1869 τοῦ
865 1808 966 1883 ξύλου
987 1811 1099 1890 περιὸν
1121 1808 1344 1887 φυλάσσουσιν
1367 1812 1465 1889 ἐντῷ

301 1939 368 2012 ναῷ
387 1929 607 2015 (Ἀρτέμιδος).
634 1931 795 1994 Δεέκνυται
819 1929 853 1992 δὲ
875 1936 930 1992 καλ
953 1934 973 2009 ἦ
996 1936 1080 2011 πηγὴ
1102 1928 1178 2015 παρ’
1201 1936 1241 2011 ἢν
1264 1938 1284 2012 ἡ
1303 1934 1465 2008 πλάτανος

304 2059 461 2137 ἐπεφύκει.

346 2299 363 2387 ξ
389 2276 461 2366 111).
486 2265 550 2389 [2].v
575 2298 764 2387 Spartae
787 2298 937 2389 (Ἑλένης
959 2297 1145 2386 platanus).

348 2424 490 2493 Theoer.
514 2424 629 2493 XVIII
652 2423 707 2492 43.

455 2559 559 2641 πράτᾳ
582 2579 629 2620 τοι
652 2559 808 2639 στέφανον
830 2558 921 2620 λωτῶ
942 2564 1047 2639 χαμαὶ
1070 2559 1260 2637 αὐξομένοιο

453 2684 612 2760 πλέξασαι
635 2687 763 2765 σκιερὰν
785 2683 1008 2761 καταθήσομες
1031 2684 1062 2754 ἐς
1084 2683 1313 2759 πλατάνιστον,

453 2812 558 2892 πράτᾳ
583 2807 767 2891 δ’άργυρέας
789 2810 823 2884 ἐξ
846 2806 978 2879 ὄλπιὸος
1000 2809 1097 2890 ὑγρὸν
1120 2808 1260 2891 ἄλειφαρ

423 2909 427 2914 ’
455 2935 636 3013 λαζάμεναι
659 2937 827 3011 σταξεῦμες
849 2935 913 2993 ὑπὸ
935 2937 1064 3015 σκιερὰν
1086 2932 1308 2994 πλατάνιστον·

456 3061 627 3141 γράμματα
649 3055 714 3119 έ’έν
735 3059 840 3138 φλοιῷ
863 3060 1070 3140 γεγράψεται,
1096 3061 1137 3131 ὡς
1159 3060 1284 3139 παριών
1307 3081 1351 3130 τις

455 3186 606 3266 άννεέμῃ,
632 3181 770 3266 Δωριστὶ·
795 3183 916 3261 ,σέβου
938 3182 984 3261 μ’,
1011 3181 1146 3256 Ἑλένας
1168 3185 1266 3262 φυτόν
1289 3186 1388 3262 εἰμι.”’

345 3426 395 3494 Cf.
419 3427 520 3493 Paua
545 3424 594 3492 III
618 3422 832 3509 19,’10.κα1
856 3433 950 3492 αὗται
974 3429 1192 3509 ὄιαλαβοῦσαι
1212 3429 1251 3509 ὀὴ
1262 3436 1317 3510 τὴν
1330 3430 1465 3511 Ἑλένην

302 3563 336 3619 α1
370 3565 514 3637 γυναῖκες
548 3559 749 3638 ἀπάγχουσιν
782 3558 834 3616 ἐπὶ
870 3553 1016 3638 έένὸρου,
1048 3562 1103 3617 καλ
1133 3559 1186 3618 ἐπὶ
1208 3559 1305 3636 τούτῳ
1328 3556 1466 3630 Ῥοδίοις

302 3683 434 3763 Ἑλένης
468 3685 554 3766 λερόν
583 3684 647 3743 ἐστι
679 3678 878 3762 Δενδρίτιδος.
912 3672 961 3740 Cf.
986 3674 1089 3742 Phoe.
1114 3673 1200 3742 BibI.
1224 3674 1307 3758 180,
1331 3676 1465 3744 Bekker

301 3799 366 3867 149
389 3822 420 3884 a,
443 3799 495 3867 37.
521 3799 570 3868 Cf.
596 3806 745 3888 Ἄρτεμιν
769 3801 1030 3886 Ἀπαγχομένην,
1056 3799 1158 3868 Paua
1183 3799 1263 3867 VIII
1287 3798 1342 3884 23,
1365 3800 1397 3868 5.

344 4048 361 4137 ᾗ
384 4046 460 4115 120.
486 4046 550 4138 [3].
576 4047 786 4115 Cariathi
808 4048 1020 4138 (Μελικέρτου
1043 4049 1169 4137 pinus).

345 4175 447 4242 Paus.
481 4173 513 4241 II
548 4172 580 4259 I,
611 4171 642 4239 3.
674 4185 823 4262 προϊοῦσι
855 4179 889 4240 ὅὲ
920 4184 1052 4259 ῆπέτνς
1074 4184 1150 4263 ἄχρι
1173 4203 1208 4261 γε
1230 4184 1310 4261 ἐμοῦ
1332 4185 1464 4263 πεφύκει

301 4285 389 4388 παρά
423 4310 476 4367 τὸν
507 4306 673 4385 αἰγιαλόν,
706 4311 761 4366 καλ
790 4304 988 4388 Μελικέρτου
1018 4308 1126 4384 βωμὸς
1155 4310 1202 4385 ἦν·
1227 4309 1258 4379 ἐς
1281 4312 1389 4368 τοῦτον
1411 4313 1465 4368 τὸν

301 4435 398 4498 τόπον
432 4431 664 4515 ἐκκομισθῆναι
699 4434 752 4494 τὸν
782 4428 884 4493 παῖδα
913 4432 976 4493 ὑπὸ
999 4428 1147 4514 έελφῖνος
1169 4432 1307 4511 λέγουσι’
1330 4435 1464 4514 κειμένῳ
