3442 5175
803 392 869 461 143

295 588 411 673 3243.
438 587 504 675 [4].
541 587 587 655 lu
613 593 760 655 monto
785 587 925 675 Eryco
950 587 1146 675 (Ἀφροδίτης
1169 587 1364 672 columbae)
1394 588 1419 671 ).

295 712 366 779 Aul.
403 713 484 778 Val‘.
524 712 609 778 Hist.
647 711 660 776 I
697 711 749 778 15.
786 719 844 778 Ἐν
876 718 989 799 Ἔρυκι
1013 717 1046 778 δὲ
1070 726 1121 796 τῆς
1143 717 1311 793 Σικελίας,
1336 720 1421 779 ἔνθα

247 846 332 903 ἐστίν
369 846 387 902 ὁ
416 849 468 920 τῆς
496 838 682 923 Ἀφροδίτης
712 847 790 913 νεὼς
818 845 934 920 σεμνός
964 865 995 902 τε
1025 848 1079 903 καί
1111 846 1216 920 άγιος,
1246 844 1327 903 κατά
1350 864 1421 903 τινα

246 971 361 1058 καιρὸν
393 968 534 1028 θύουσιν
562 972 593 1027 oi
630 965 791 1052 Ἐρυκινοί
827 973 865 1027 τὰ
897 967 1095 1045 Ἀναγώγια,
1127 972 1182 1028 καί
1211 968 1342 1046 λέγουσι
1366 972 1421 1044 τήν

247 1088 438 1171 Ἀφροδίτην
460 1094 504 1162 είς
526 1089 652 1171 Λιβύην
676 1094 740 1152 άπὸ
761 1098 812 1169 τῆς
831 1090 985 1163 Σικελίας
1005 1092 1197 1169 ἀνάγεσθαι·
1218 1093 1284 1151 τότε
1296 1094 1355 1152 οὗν
1366 1097 1420 1151 καί

246 1218 381 1293 ἀφανεῖς
398 1217 440 1306 γἐκ
463 1221 518 1276 τοῦ
540 1219 661 1296 χωρίου
685 1220 719 1275 αί
743 1223 923 1297 περιστεραί
948 1220 1106 1294 γίνονται,
1128 1218 1293 1297 ὡσπεροῦν
1306 1222 1341 1296 τῇ
1351 1216 1420 1293 θεῷ

246 1338 544 1418 συναποδημοῦσαι.
581 1337 675 1397 Κατά
707 1360 741 1415 γε
763 1343 828 1416 μήν
851 1343 905 1399 τὸν
928 1339 1046 1400 λοιπὸν
1069 1342 1188 1420 χρόνον
1211 1340 1370 1418 πάμπολύ
1392 1362 1420 1398 τι

246 1463 375 1542 πλῆθος
406 1461 506 1523 τῶνδε
525 1468 586 1523 τῶν
608 1462 751 1543 ὀρνίθων
774 1463 985 1537 ἐπιπολάζειν
1008 1468 1049 1541 τῷ
1072 1468 1135 1542 νεῷ·
1157 1471 1209 1541 τῆς
1230 1465 1313 1524 θεοῦ
1336 1466 1419 1541 ὡρισ-

246 1588 388 1667 λάγηται.

250 1751 253 1755 -
292 1703 341 1770 Cf.
368 1703 441 1771 Aer.
466 1703 508 1770 N.
534 1704 575 1771 Α.
600 1703 645 1771 IV
669 1703 705 1781 2,
733 1705 860 1771 Athen.
886 1701 934 1769 IX
957 1702 1011 1772 51.

290 1953 309 2036 ξ
331 1949 408 2017 244.
433 1951 499 2038 [5].
521 1951 563 2018 Ic
573 1952 650 2031 ari,
664 1952 700 2018 iu
714 1952 821 2019 maris
833 1951 932 2019 rubri
944 1949 1058 2018 insula
1072 1954 1271 2040 (Ἀρτέμιδος
1284 1970 1420 2040 caprae,

248 2075 359 2159 cervi,
383 2074 542 2163 lepores).

289 2198 365 2266 Ael.
402 2200 444 2266 N.
481 2199 522 2265 Α.
558 2199 606 2265 XI
640 2199 671 2266 9.
704 2205 834 2288 Ἴκαρδς
865 2208 929 2266 ἐστι
960 2213 1072 2284 νήσος,
1103 2212 1157 2267 καί
1181 2213 1216 2286 τῇ
1239 2228 1273 2284 γε
1296 2207 1421 2287 ἐρυθρᾷ

216 2376 222 2384 .
246 2329 392 2412 θαλάττῃ
427 2332 570 2409 ἔγκειται·
607 2332 749 2391 ἐνταῦθα
784 2299 891 2392 τοίνυν
921 2334 999 2402 νεώς
1029 2333 1113 2391 ἐστιν
1144 2329 1341 2413 Ἀρτέμιδος,
1365 2335 1419 2389 καί

246 2454 359 2534 πλήθη
391 2453 491 2536 αἰγῶν
522 2471 553 2514 τε
583 2457 703 2536 άγρίων
733 2461 787 2515 καί
817 2453 982 2537 δορκάδων
1004 2458 1054 2516 εὖ
1062 2456 1156 2533 μάλα
1179 2457 1343 2536 εὐτραφῶν
1365 2459 1419 2513 καί

246 2579 357 2658 λαγῶν
389 2580 510 2660 μέντοι,
547 2579 672 2641 Τούτων
706 2582 764 2640 οὖν
795 2581 853 2640 ἐάν
883 2602 927 2651 τις
958 2583 1089 2658 αἰτήσας
1118 2579 1236 2657 λαβεῖν
1257 2582 1347 2660 παρὰ
1369 2584 1421 2655 τῆς

246 2704 344 2779 θεοῦ,
370 2707 437 2764 είτα
460 2707 645 2787 ἐπιχειρήσῃ
668 2705 777 2786 θήράν
801 2706 863 2764 ὅσα
879 2706 921 2763 ἄν
939 2705 997 2785 ἔχῃ
1016 2703 1139 2777 καλῶς,
1160 2705 1198 2762 οὐ
1211 2701 1419 2782 διαμαρτάνει

247 2834 298 2905 τῆς
329 2827 477 2919 σπουδής,
510 2829 600 2888 άλλά
623 2835 678 2888 καί
700 2829 883 2906 λαμβάνει,
908 2834 962 2888 καί
986 2832 1028 2905 τῷ
1051 2825 1142 2908 δώρῳ
1164 2829 1279 2906 χαίρετ’
1305 2826 1363 2883 ἐάν
1386 2822 1419 2882 δὲ

246 2956 292 3029 μή
314 2955 443 3034 αίτήσή,
468 2955 539 3013 οὔτε
562 2955 741 3034 αίρεῖ’,’καί
764 2949 875 3013 δίδωσι
899 2950 1004 3025 δίκας,
1030 2952 1068 3021 ἃς
1091 2947 1190 3009 ἄλλοι
1213 2948 1372 3026 λέγουσιν.

293 3066 431 3136 Arl'ian.
468 3069 597 3156 Exped.
631 3067 693 3135 Vll
716 3066 779 3148 20,
803 3068 835 3135 6.
859 3074 1018 3153 νέμεσθαι
1041 3072 1075 3132 δὲ
1099 3075 1197 3150 αὐτήν
1220 3071 1287 3148 (τήν
1309 3066 1420 3150 νῆσον)

248 3202 313 3274 αίξί
343 3221 374 3260 τε
404 3202 530 3281 ἀγρίαις
560 3206 614 3260 καί
645 3200 787 3278 ἐλάφοις,
820 3205 875 3259 καί
910 3201 1023 3269 ταύτας
1058 3197 1210 3257 άνεῖσθαι
1242 3196 1376 3274 άφέτονς
1389 3186 1418 3272 ²)

248 3329 283 3403 τῇ
311 3321 472 3405 Ἀρτέμιδι·
506 3322 579 3384 οὐδὲ
607 3327 690 3383 είναι
713 3324 809 3401 θέμις
831 3322 940 3402 θήραν
962 3320 1130 3381 ποιεῖσθαι
1154 3321 1212 3379 ἅττ’
1234 3321 1347 3391 αὐτῶν,
1373 3319 1420 3376 ὅτι

247 3452 292 3525 μὴ
314 3449 418 3508 θῦσαί
440 3469 511 3508 τινα
534 3453 569 3528 τῇ
592 3449 660 3525 θεῷ
684 3447 851 3521 ἐθέλοντα,
877 3447 930 3505 ἐπί
954 3441 1032 3522 τῷδε
1053 3445 1162 3524 θήραν
1184 3444 1294 3520 μόνον.

286 3745 305 3812 ¹)
324 3744 476 3799 Columbae
494 3759 576 3811 saepo
595 3743 624 3794 in
644 3741 765 3801 nummis
784 3739 1010 3807 oonspioiuntur:

284 3834 408 3904 Sioyonis
427 3832 585 3897 autonomi,
605 3830 684 3883 Hoad
705 3833 756 3882 345
777 3846 847 3898 sqq„
867 3827 1038 3880 Herod-svor.
1059 3827 1073 3878 Ι
1093 3830 1145 3879 514
1165 3842 1223 3895 sqq.

283 3922 410 3975 Corinthi
495 3961 508 3989 ‚,
637 3958 649 3986 „
706 3922 757 3971 338
948 3955 961 3983 ,,
1060 3915 1145 3967 1503

283 4011 420 4080 cytheron
495 4048 508 4076 „
637 4046 650 4074 „
707 4010 758 4058 366
950 4043 963 4071 ,,
1062 4004 1147 4055 1546

283 4099 414 4152 Panormi
493 4136 506 4164 „
635 4135 648 4163 „
706 4099 755 4147 143
948 4131 960 4159 „
1059 4092 1141 4143 1221

255 4254 259 4258 ι
283 4188 396 4241 Nummi
422 4177 560 4255 Gyihorae
584 4187 611 4236 ot
636 4183 767 4235 Panormi
794 4183 823 4233 in
846 4182 962 4234 advorsa
980 4183 1059 4247 parto
1078 4179 1249 4250 Ἀφροδίτης
1268 4179 1351 4245 ooput
1372 4190 1419 4227 ex·

249 4275 353 4331 hibent.

285 4365 305 4431 2)
333 4365 375 4418 cf.
405 4363 526 4433 Hosyoh.
555 4379 575 4414 ε.
604 4361 709 4432 ἄφετοι·
740 4364 767 4413 οί
795 4361 867 4430 ἱεροί
896 4360 967 4424 βόες.
998 4357 1071 4409 Vide
1099 4355 1215 4414 (λοιποί).
1244 4355 1279 4406 ad
1307 4354 1418 4405 θεείου.

251 4452 323 4506 Onon.
344 4458 386 4505 81.
