3442 5175
778 415 842 488 aar
973 388 975 393 ’

727 747 902 819 XXXVII.

278 991 420 1071 Quintil.
445 993 476 1060 X
501 992 539 1079 1,
564 993 624 1061 77:

277 1117 414 1187 Plenior
449 1118 637 1188 Aeschines
671 1126 706 1190 et
740 1121 850 1208 magis
879 1121 977 1189 susus
1000 1127 1035 1188 et
1056 1121 1234 1210 grandiori
1257 1121 1396 1207 simila,

233 1264 302 1333 que
326 1244 442 1312 minus
464 1246 607 1314 strictus
629 1250 691 1313 est.
1296 1240 1299 1245 ’

277 1370 344 1437 Pro
373 1369 573 1458 »grandiori
599 1371 742 1439 similis'’
766 1370 952 1460 legendum
975 1377 1028 1440 est
1052 1372 1196 1460 »grandi
1219 1370 1395 1440 similior.''

718 1596 910 1681 xxxviii.

277 1774 379 1885 prop.
404 1797 449 1864 iv
472 1795 534 1882 17,
558 1795 599 1863 er
626 1797 695 1884 (eu.
719 1796 894 1883 uuum),
915 1796 1396 1888 miserescamus:

321 1921 472 2009 Attici,
496 1928 622 2008 nauta,
646 1922 721 2010 pias
746 1922 930 1990 homiuum
954 1923 1016 2011 qui
1039 1922 1171 1990 traiicis
1194 1922 1353 2003 umbras,

365 2048 442 2115 Huc
465 2048 602 2115 animae
624 2052 764 2136 portent
786 2068 911 2136 cerpus
932 2048 1036 2114 iuane
1059 2051 1158 2115 tuae:

321 2173 396 2252 Qua
420 2171 555 2241 Siculae
575 2173 686 2240 vietor
708 2171 843 2240 telluris
867 2172 1032 2241 Claudius
1056 2177 1091 2240 et
1114 2194 1185 2261 qua

365 2297 508 2376 Caesar,
532 2297 575 2365 ab
598 2298 752 2365 humana
776 2298 879 2365 cessit
902 2298 938 2364 in
961 2302 1055 2365 astra
1078 2298 1145 2364 via.

278 2422 388 2491 Hasce
410 2442 532 2490 versus
555 2421 603 2518 sic
626 2420 789 2511 legendos
811 2441 951 2489 censeo:

322 2547 369 2615 At
391 2551 449 2634 tu,
472 2551 599 2631 nauta,
622 2546 697 2636 pias
720 2547 902 2616 hominum
926 2548 988 2636 qui
1011 2547 1143 2615 traiicis
1166 2545 1325 2632 umbras,

248 2728 249 2732 ,
366 2673 440 2739 Ηο0
462 2673 599 2739 animae
621 2677 737 2759 portes
761 2693 887 2760 eorpus
910 2672 1013 2739 inane
1037 2693 1136 2740 suae:

322 2797 398 2876 Qua
422 2795 557 2863 Siculae
583 2795 691 2863 victor
714 2795 850 2863 telluris
874 2795 1041 2864 Claudius
1064 2801 1099 2862 et
1122 2817 1193 2884 qua

364 2920 507 3001 Caesar,
533 2919 576 2987 ab
600 2920 754 2989 humana
778 2922 882 2989 cessit
904 2922 940 2988 in
965 2925 1060 2989 astra
1082 2922 1149 2989 via.

734 3142 894 3210 XXXIX.

227 3314 233 3322 ⁸
279 3330 411 3398 Consul.
435 3330 479 3397 ad
503 3330 638 3398 Liviam
660 3329 705 3398 48
729 3330 872 3420 (Poetae
893 3332 968 3399 Lat.
982 3331 1066 3398 Min.
1080 3331 1145 3400 vol.
1159 3332 1174 3398 I
1187 3332 1398 3424 Baehrens):

408 3455 480 3523 Nee
503 3476 718 3545 quemquam
742 3478 867 3525 nervos
892 3458 1093 3526 extimuisse
1116 3462 1206 3526 tuos.

277 3580 406 3649 Textus
440 3580 591 3650 traditus
624 3583 836 3667 retineatur,
869 3603 983 3672 neque
1014 3588 1156 3651 auctore
1187 3583 1397 3654 Baehrensie

234 3705 400 3774 »nervos'
423 3708 461 3775 in
485 3707 645 3776 »servos’
670 3713 838 3776 mutetur.

777 3932 849 3999 XL.

277 4116 410 4185 Consul.
434 4116 478 4183 ad
501 4117 637 4185 Liviam
661 4117 721 4185 77:

365 4241 434 4310 Iste
456 4247 571 4330 potest
593 4243 738 4332 implere
762 4245 859 4313 dolor
882 4246 937 4314 vel
960 4244 1099 4313 saecula
1124 4249 1207 4313 tota.

278 4366 406 4434 Textus
440 4365 591 4437 traditus
625 4369 831 4455 retineatur,
867 4390 981 4460 neque
1015 4375 1156 4439 auctore
1187 4371 1398 4439 Baehrensiu

234 4488 405 4557 ›>fereula”
429 4490 576 4578 legatur.
