3442 5175
792 385 859 454 263

239 602 312 650 esse
332 581 562 667 narrabatur,
582 581 666 670 quia
685 581 854 648 infantem
877 582 914 647 in
939 587 1010 660 Διὸς
1029 587 1174 648 Λοκαιοο
1194 600 1255 646 ara
1276 586 1409 648 maeta-

238 706 401 793 visset1);
425 712 545 794 postea
569 726 706 795 semper
729 705 856 793 aliquis
879 706 916 772 in
941 705 1062 793 lupum
1083 703 1410 784 transformabatur,

239 853 318 900 eum
338 831 451 898 eidem
472 831 536 897 deo
555 829 835 898 sacrificabatur:
849 840 892 909 ὡς
904 840 968 919 ἄρα
981 839 998 898 ὁ
1011 839 1205 915 γευσάμενος
1217 841 1271 896 τοῦ
1284 836 1410 916 ἀνθρω-

238 967 334 1024 πίνου
365 962 555 1042 σπλάγχνου
586 963 621 1022 ἐν
651 961 767 1033 ἄλλοις
797 961 912 1022 ἄλλων
942 965 1066 1043 ἱερείων
1095 963 1166 1033 ἑνὸς
1189 963 1411 1040 ἐγκατατετμη-

238 1088 355 1164 μένου,
388 1088 511 1165 ἀνάγκη
535 1083 574 1164 δὴ
597 1088 694 1164 τούτῳ
715 1085 804 1164 λύκῳ
826 1083 972 1163 γενέσὸαι
985 1079 1026 1162 ²).
1051 1079 1173 1167 Neque
1197 1079 1314 1147 minus
1337 1085 1412 1146 arte

238 1202 341 1291 lupus
364 1224 444 1271 cum
470 1201 795 1290 'Auottovaeultu
814 1200 1039 1270 cohaerebat:
1060 1208 1151 1290 Λητὼ
1171 1202 1274 1291 lupae
1298 1204 1412 1291 specie

238 1328 413 1416 peperisse
436 1328 627 1396 narrabant
639 1329 688 1412 3);
712 1328 815 1416 lupus
838 1348 894 1395 res
917 1348 1042 1396 aureas
1065 1348 1084 1394 e
1103 1327 1234 1416 templo
1247 1328 1413 1416 Delphico

239 1458 417 1541 surreptas
439 1453 656 1520 indioaverat
678 1452 864 1541 furemque
884 1459 1069 1521 necaverat
1081 1451 1247 1540 4);lupus
1259 1453 1414 1520 aheneus

239 1581 275 1644 in
310 1578 433 1646 eadem
463 1577 548 1646 aede
579 1578 766 1646 collocatus
798 1582 874 1644 erat
886 1577 931 1662 ⁵);
965 1576 1069 1665 Argis
1093 1579 1267 1646 Ἀπόλλων
1289 1577 1412 1663 lupum

239 1702 276 1768 in
300 1702 406 1769 boum
432 1722 575 1791 gregem
598 1700 825 1769 immiserat.'’
869 1765 871 1767 ,

285 1825 380 1915 §ro
416 1827 463 1895 Ut
496 1826 538 1894 de
570 1827 667 1912 hisee,
695 1825 978 1914 cognominibus
1012 1825 1062 1892 ita
1094 1825 1137 1893 de
1160 1846 1243 1893 voce
1266 1833 1414 1915 Κοννενῳ

241 1971 380 2039 quoque
415 1952 570 2020 virorum
602 1951 783 2020 doctorum
809 1950 1003 2018 sententiae
1027 1951 1120 2018 inter
1145 1972 1181 2018 se
1205 1950 1413 2041 discrepant

195 2104 201 2116 ·
242 2076 406 2143 Welcker
429 2077 522 2143 enim
548 2076 744 2145 Ἀπόλλωνα
767 2082 927 2144 Κύννειοο
950 2074 1080 2143 Sirium
1104 2095 1178 2143 esse
1191 2077 1355 2164 opinatur
1367 2078 1414 2166 6);

242 2200 411 2286 Robert⁷)
451 2220 532 2269 eum
574 2221 702 2268 canum
735 2199 884 2267 tutelam
920 2199 1042 2282 habet3
1079 2198 1259 2289 prffer⁸)
1293 2219 1415 2267 vocem

242 2332 402 2394 Κύννειον
433 2325 577 2392 minime
608 2345 628 2392 a
659 2324 775 2392 radice
798 2353 871 2392 κον·
896 2324 1123 2391 derivandam
1150 2330 1286 2408 censet,
1310 2326 1370 2392 sed
1394 2347 1415 2392 a

241 2456 370 2538 Κύννῃ,
396 2450 500 2517 heroe
525 2448 656 2532 Attice,
682 2448 894 2528 ’Λπόλλωνος
917 2448 1044 2534 fili09),
1067 2455 1237 2518 Κνννιὸῶν
1256 2450 1415 2538 progeni-

241 2578 316 2642 tore
330 2574 383 2662 10).
408 2574 436 2642 E
456 2573 585 2664 quibus
611 2573 774 2642 Robertio
794 2573 984 2658 assentior,
1004 2575 1054 2642 ita
1067 2574 1228 2664 quidem,
1241 2579 1280 2644 ut
1292 2576 1415 2664 priscis

242 2698 457 2787 temporibus
470 2718 598 2766 eanum
611 2699 872 2765 venerationem
885 2699 921 2764 in
936 2697 1053 2765 Attica
1066 2699 1217 2786 viguisse
1230 2706 1350 2787 putem
1361 2699 1414 2788 11).

287 2824 304 2913 ξ
329 2823 382 2892 77.
407 2824 559 2913 Dignum
584 2825 750 2913 estquod
775 2824 998 2909 observetur,
1018 2824 1414 2913 posteasaepiuseum,

281 3132 299 3197 1)
320 3131 401 3182 Paus.
423 3129 498 3180 VIII
519 3133 543 3194 2,
564 3132 588 3181 3.

279 3220 300 3286 2)
319 3220 392 3270 Plat.
417 3218 485 3284 Rep.
512 3216 609 3282 565d3
635 3217 732 3285 Polyb.
759 3217 834 3269 VIII
863 3221 904 3281 13,
925 3220 955 3283 73
976 3217 1043 3269 Isid.
1061 3216 1153 3285 Etym.
1172 3215 1247 3268 VIII
1268 3220 1282 3268 9
1303 3233 1329 3283 p.
1349 3219 1415 3283 3703

243 3309 324 3361 Paus.
353 3308 429 3360 VIII
458 3311 483 3373 2,
511 3311 536 3372 6,
565 3307 606 3358 VI
636 3312 660 3373 8,
686 3312 717 3374 2;
744 3307 834 3359 Varro
859 3307 934 3374 apud
954 3307 1072 3375 August.
1092 3306 1151 3358 eiv.
1171 3306 1223 3357 Dei
1242 3306 1347 3359 XVIII
1368 3308 1415 3372 17;

243 3399 315 3451 Plin.
335 3398 411 3449 VIII
431 3400 473 3449 34.
494 3396 566 3448 Vide
587 3397 777 3462 Immerwahr,
796 3396 865 3447 Ark.
886 3396 973 3448 Kulte
992 3412 1037 3462 pp.
1058 3398 1091 3447 10
1109 3413 1168 3463 sqq.

279 3488 300 3554 θ)
320 3487 436 3539 Aristot.
463 3485 535 3551 Hist.
556 3485 649 3537 Anim.
675 3486 711 3537 VI
732 3486 766 3538 35
785 3502 812 3553 p.
832 3488 884 3538 580
903 3486 940 3551 Α,
962 3485 1053 3537 Sohol.
1073 3485 1166 3553 Apoll.
1187 3485 1276 3538 Rhod.
1297 3486 1328 3537 II
1350 3489 1415 3551 124;

244 3578 340 3646 Antig.
370 3576 478 3644 Caryst.
506 3575 606 3627 Mirab.
625 3579 673 3640 613
693 3575 754 3627 Ael.
774 3574 808 3626 N.
829 3575 863 3626 A.
883 3574 910 3626 X
931 3577 980 3632 26;
1000 3574 1074 3626 Plut.
1093 3574 1145 3636 Qu.
1165 3574 1229 3626 Nat.
1248 3577 1296 3641 383
1315 3575 1360 3629 Et.
1378 3575 1415 3629 M.

243 3670 303 3732 680,
324 3670 354 3717 21
375 3682 397 3717 s.
413 3683 439 3717 r.
459 3664 570 3718 Πολιοὶ
590 3663 685 3718 λύκοι.

278 3757 299 3816 ⁴)
319 3757 401 3808 Paus.
422 3756 449 3807 X
470 3759 519 3820 143
538 3754 600 3806 Ael.
620 3754 655 3807 N.
675 3753 700 3803 A
720 3753 748 3804 X
766 3756 807 3804 26.

278 3844 299 3912 5)
319 3846 399 3896 Paua.
420 3844 473 3908 1.l.;
493 3844 554 3896 Ael.
574 3844 612 3897 l.l.

278 3934 299 4000 ⁶)
319 3934 400 3985 Paus.
420 3934 451 3985 II
472 3937 513 3999 19,
532 3938 559 3984 4.

279 4023 299 4088 ⁷)
320 4022 452 4076 Weloker
472 4022 503 4074 G.
524 4022 555 4074 G.
576 4024 589 4073 I
609 4026 676 4087 4643
695 4024 756 4073 474.

278 4112 300 4177 ⁸)
320 4111 578 4176 Preller-Robert,
598 4110 629 4162 G.
650 4109 679 4162 M
707 4111 721 4161 I
742 4113 801 4176 248,
823 4111 853 4175 7,
875 4111 978 4175 272,1.

278 4201 301 4265 ⁹)
320 4201 452 4268 prpfer,
473 4202 532 4251 Au.
552 4199 719 4268 Genealogie
739 4202 798 4251 303.

280 4290 312 4358 10)
330 4291 411 4343 Phot.
431 4307 452 4342 e.
463 4305 488 4341 r.
508 4289 660 4354 Κύννειος.

282 4381 313 4447 ¹¹)
333 4380 444 4432 Bekker
463 4379 517 4430 An.
536 4378 550 4429 Ι
570 4381 630 4430 274.

282 4469 313 4537 ¹²)
331 4469 404 4523 Vide
422 4485 506 4537 supra
525 4468 586 4521 Lib.
604 4468 652 4520 III
673 4470 686 4534 ἓ
707 4470 749 4520 24.
