3442 5175
812 409 858 477 69

251 615 394 694 χρώματι
415 617 456 692 τῷ
475 614 667 693 καλουμένῳ
679 615 893 697 τιγγαβαρίνῳ
904 615 1200 697 κατακεχρῳσμένα,
1213 622 1268 677 καί
1280 619 1315 677 έν
1327 620 1422 697 τοίχῳ

252 736 286 797 rie
317 740 498 820 έγκρσάσας·
530 737 618 799 δι’ὦν
649 736 802 799 ἀπεέίέου
825 743 880 799 τὸν
902 739 1097 818 ζητούμενον
1119 745 1160 818 τῷ
1183 741 1422 820 πυνθανομένῳ

252 862 406 941 χρησμόν,
438 867 492 922 καί
523 866 633 945 φωνὴν
656 866 743 941 ἠφίει
769 863 888 924 λεπτοῦ
911 866 1111 943 συρίσματος,
1136 866 1177 941 ἣν
1201 866 1379 944 ἡρμήνενεν
1404 866 1422 925 ὁ

250 983 443 1062 Εὐσέβιος.”

295 1227 312 1315 §
335 1225 389 1293 ic.
416 1223 481 1316 [3].
506 1226 691 1310 Phenei,
714 1227 752 1294 in
776 1228 863 1295 urbe
883 1228 1054 1296 Arcadiae
1075 1233 1246 1317 (Δήμητρος
1266 1228 1421 1318 lapides).

296 1348 396 1416 Paus.
420 1347 501 1416 VIII
527 1347 587 1429 15,
612 1347 643 1416 i.
667 1356 768 1439 Παρὰ
790 1357 824 1417 aa
847 1366 899 1437 τῆς
923 1357 1124 1430 Ἐλευσινίας
1143 1352 1178 1435 (i.
1196 1371 1224 1418 e.
1246 1354 1421 1440 Δήμητρος)

251 1485 285 1541 τὸ
320 1484 407 1562 ἱερὸν
440 1483 610 1558 πεποίηται
645 1479 805 1562 Πέτρωμα
839 1481 1053 1559 καλούμενον,
1088 1482 1182 1542 λίθοι
1216 1480 1273 1543 ὅύο
1303 1485 1421 1564 ἡρμοσ-

251 1608 343 1683 μένοι
378 1609 457 1687 πρὸς
491 1605 659 1684 ἀλλήλους
691 1605 838 1684 μεγάλοι.
873 1609 1000 1685 ἀγοντες
1031 1604 1064 1666 δέ
1095 1610 1185 1685 παρά
1215 1608 1282 1678 έτυς
1311 1610 1423 1683 ἥντινα

251 1728 377 1806 τελετὴν
418 1728 556 1807 μείζονα
593 1729 801 1808 ὀνομάζουσι,
837 1734 908 1802 τοὺς
941 1730 1059 1801 λίθους
1092 1732 1219 1802 τούτους
1252 1736 1423 1820 τηνικαῦτα

252 1854 428 1930 ἀνοίγουσι,
460 1859 515 1913 καί
544 1852 700 1931 λαβόντες
726 1855 899 1933 γράμματα
929 1855 962 1928 έξ
988 1855 1093 1915 αὐτῶν
1115 1855 1231 1934 ἔχοντα
1253 1859 1292 1915 τά
1314 1858 1345 1927 ές
1367 1860 1423 1933 τίγν

253 1975 378 2054 τελετὴν
408 1981 464 2037 καί
495 1979 685 2055 ἀναγνόντες
715 1978 746 2048 ές
777 1978 915 2054 ἐπήκοον
945 1983 1007 2038 τῶν
1036 1984 1164 2056 μυστῶν
1193 1981 1364 2040 κατέθεντο
1387 1982 1423 2040 έν

251 2106 338 2160 νυκτί
377 2101 476 2172 αὖθις
516 2107 553 2181 τῇ
587 2102 675 2181 αὐτῇ.
712 2099 877 2162 Φενεατῶν
910 2100 944 2161 aa
978 2099 1052 2161 σίὸα
1086 2106 1157 2173 τοὺς
1190 2102 1335 2175 πολλοὺς
1367 2112 1422 2165 καί

251 2225 409 2301 ὀμνύντας
438 2226 519 2305 ίιπέρ
547 2227 704 2302 μεγίστων
737 2227 778 2302 τῷ
807 2222 1006 2306 Πετρώματι.
1038 2231 1093 2285 καί
1116 2226 1263 2305 έπίθημα
1286 2228 1423 2305 έπάὐτῷ

250 2349 416 2429 περιφερές
461 2350 555 2423 ἐστιν,
598 2350 674 2428 έχσν
716 2350 802 2420 έντὸς
844 2348 1005 2430 Δήμητρος
1044 2350 1218 2430 πρόσωπον
1252 2348 1420 2432 Κτὸαρίας·

251 2476 340 2532 τοῦτο
372 2474 390 2531 ὁ
421 2476 521 2553 ἱερεὺς
551 2473 763 2554 περιθέμενος
785 2477 819 2533 τὸ
842 2475 1016 2554 πρόσωπον
1038 2475 1073 2533 έν
1095 2478 1132 2553 τῇ
1153 2473 1281 2551 μείζονι
1303 2473 1422 2534 καλου-

249 2598 331 2678 μένῃ
365 2597 472 2678 τελετῇ
506 2596 638 2677 ῥάβδοις
670 2603 751 2658 κατά
785 2598 885 2677 λόγον
919 2597 957 2676 δή
991 2619 1062 2658 τινα
1098 2601 1169 2669 τοὺς
1202 2598 1423 2677 ὑποχθονίους

250 2724 348 2781 παίει.
382 2720 546 2782 Φενεατῶν
577 2719 612 2780 δέ
642 2723 706 2781 έστι
737 2721 842 2799 λόγος,
875 2726 930 2780 καί
960 2725 1036 2799 πρίν
1066 2722 1087 2797 ἢ
1116 2719 1219 2796 Ναόν,
1244 2721 1422 2800 ἀφικέσθαι

133 2848 135 2853 ’
250 2850 305 2904 καί
330 2844 473 2905 ἐνταῦθα
497 2842 645 2926 Δήμητρα
668 2845 894 2925 πλανωμένην.

295 3083 390 3173 §aa
416 3074 480 3174 [4].
513 3085 688 3172 Gythii,
713 3084 750 3152 in
774 3085 861 3153 urbe
886 3085 1077 3152 Laconicae
1101 3091 1191 3169 (Ζεὺς
1213 3087 1420 3165 Καππώτας).

295 3209 397 3276 Paus.
422 3208 489 3289 ΙΙΙ,
514 3207 576 3294 22,
601 3207 630 3275 1.
659 3216 789 3278 Γυθίου
813 3215 847 3277 ὁέ
872 3224 951 3299 τρεῖς
972 3216 1117 3295 μάλιστα
1139 3217 1253 3296 ἀπέχει
1276 3214 1423 3288 σταδίους

251 3341 346 3420 ἀργὸς
368 3339 474 3410 λίθος·
504 3338 650 3420 Ὀρέστην
673 3341 805 3419 λέγουσι
827 3342 1033 3402 καθεσθέντα
1056 3340 1205 3401 έπάὐτοῦ
1228 3340 1421 3410 παύσασθαι

251 3469 302 3541 τῆς
323 3465 452 3540 μανίας·
477 3460 532 3522 ὁιά
555 3469 645 3524 τοῦτο
669 3466 687 3524 ὁ
709 3464 807 3536 λίθος
829 3465 1008 3543 ὠνομάσθη
1029 3464 1107 3536 Ζεὺς
1130 3463 1316 3535 Καππώτας
1341 3469 1421 3525 κατά

252 3585 402 3664 γλῶσσαν
425 3591 481 3664 τὴν
504 3584 636 3668 Δωρίάα.

295 3827 486 3895 Pausanias
521 3824 663 3913 quidem
701 3846 771 3892 non
802 3825 903 3910 dicit,
928 3828 1022 3895 hunc
1045 3827 1196 3916 lapidem
1219 3847 1284 3894 sua
1307 3831 1421 3895 aetate
1474 3821 1476 3824 ’

251 3951 365 4018 adhuc
396 3946 657 4017 venerationem
681 3950 862 4031 habuisse,
887 3951 946 4018 sed
971 3958 1042 4031 Διὸς
1065 3971 1191 4018 nomen
1215 3951 1246 4017 ei
1270 3950 1421 4018 attribu-

250 4081 326 4142 tum
346 4073 478 4141 indicat
498 4093 580 4140 eum
592 4073 808 4160 temporibus
821 4074 944 4161 priscis
957 4081 1028 4154 Διὸς
1040 4074 1156 4142 sedem
1171 4075 1206 4160 (i.
1220 4095 1249 4141 e.
1262 4073 1421 4161 domum)

251 4199 407 4267 habitam
430 4198 556 4277 fuisse,
575 4202 782 4286 posteaque,
807 4217 890 4265 vero
914 4218 1018 4265 sensu
1042 4196 1241 4281 obliterate,
1266 4196 1420 4280 fabulam

251 4321 345 4389 illam
378 4321 420 4388 de
454 4321 576 4388 Oreste
610 4325 723 4387 ortam
750 4340 834 4388 esse.
860 4320 1062 4388 permultos
1079 4319 1211 4408 lapides
1235 4341 1255 4386 a
1279 4319 1420 4387 Graecis

250 4444 373 4532 priscis
403 4444 513 4513 cultos
543 4463 617 4512 esse
646 4443 815 4511 eiusmodi
837 4442 975 4512 fabulae
998 4444 1204 4524 ostendunt,
1226 4444 1269 4510 de
1292 4442 1421 4531 quibus
