3442 5175
681 1402 991 1480 LIBERI.

252 1608 321 1679 De
343 1609 746 1695 superstitionum
769 1623 892 1696 quae
915 1622 1013 1681 non
1033 1611 1150 1685 sunt
1165 1611 1422 1698 anthropo-

415 1733 691 1819 morphieae
715 1734 905 1821 origine
928 1736 1075 1822 atque
1098 1736 1261 1807 indole

579 1858 709 1944 apud
732 1862 892 1933 varies
915 1860 1101 1948 gentes.

730 2060 943 2069 ——-—-

709 2206 905 2277 CAPUT
941 2208 972 2274 Ι.

508 2367 559 2434 De
582 2367 764 2435 enimismi
787 2369 928 2436 ratione
952 2387 993 2435 ne
1015 2370 1157 2435 natura.

297 2532 315 2623 ᾗ
346 2534 377 2602 i.
409 2532 540 2603 Omnes
571 2534 687 2604 cultus
711 2553 753 2604 ex
777 2536 962 2605 animismo
987 2535 1162 2605 effluxisse
1186 2536 1301 2626 quivis
1324 2535 1425 2604 intel·
1473 2594 1476 2629 Ξ

253 2659 355 2747 liget,
391 2659 452 2747 qui
483 2659 525 2726 de
550 2660 625 2727 eius
648 2680 753 2728 sensu
778 2660 968 2728 meditatus
992 2662 1069 2728 erit.
1093 2661 1309 2728 Animismus
1332 2661 1426 2727 enim
1473 2632 1476 2641 ¹

253 2783 325 2870 ipse
347 2802 418 2849 non
441 2781 563 2871 religio
587 2784 744 2871 putanda
768 2788 838 2868 est,
860 2783 919 2851 sed
940 2783 1056 2872 potius
1068 2783 1238 2870 cuiusque
1249 2782 1427 2870 religionis

254 2907 359 2994 origo.
383 2905 512 2974 Somno
536 2911 571 2974 et
594 2912 706 2975 morte
731 2908 834 2974 home
857 2907 955 2975 rudis
979 2907 1023 2974 ad
1047 2907 1278 2995 suspicionem
1301 2907 1427 2995 perdu·
1467 2920 1472 2931 '

254 3031 361 3110 citur,
406 3050 476 3098 non
519 3036 658 3099 tantum
694 3051 798 3099 carne
833 3036 869 3098 et
903 3031 1055 3115 ossibus,
1090 3031 1149 3098 sed
1186 3030 1253 3098 alia
1288 3052 1427 3121 quoque
1487 3060 1488 3063 ¹

255 3150 405 3242 quadam
439 3176 477 3222 re
513 3175 533 3221 a
567 3175 710 3243 corpore
743 3155 832 3223 bene
864 3154 1109 3243 distinguenda
1141 3174 1215 3222 sese
1238 3156 1427 3239 continer13

253 3288 351 3357 illum
376 3294 495 3357 autem
519 3289 677 3356 animum
691 3288 720 3378 1)
745 3308 814 3356 non
835 3288 937 3356 aliter
958 3288 1026 3355 nisi
1050 3287 1162 3376 figura
1185 3286 1301 3375 aliqua
1325 3308 1428 3376 psae-

254 3413 366 3482 ditum
402 3417 508 3501 atque
542 3413 643 3500 quasi
677 3432 804 3500 eorpus
838 3411 904 3480 sibi
939 3411 1070 3500 fingere
1104 3417 1218 3500 potest
1231 3413 1269 3497 2).
1306 3412 1428 3500 Neque

292 3629 311 3694 ¹)
331 3628 387 3679 Diu
403 3626 531 3679 dubitavi
548 3629 643 3679 utrum
660 3642 726 3679 voce
742 3627 835 3680 animo
851 3644 887 3679 en
904 3627 997 3679 enimn
1013 3625 1147 3678 utendum
1163 3628 1248 3692 esset3
1259 3626 1323 3693 quin
1334 3629 1428 3677 autem

255 3715 346 3768 anime
373 3718 431 3768 vita
458 3715 550 3783 potius
569 3719 611 3767 est
630 3731 714 3783 quam
734 3715 762 3767 id
781 3715 855 3783 quod
875 3715 1000 3767 homines
1019 3715 1119 3766 insulti
1138 3714 1265 3767 omnibus
1284 3694 1319 3773 ins
1332 3730 1428 3782 eorpo-

255 3805 331 3857 ribus
341 3804 470 3857 habitare
480 3807 507 3855 et
518 3803 623 3871 ubique
633 3803 857 3856 eireumvelitare
868 3807 978 3871 putant,
987 3819 1041 3856 vox
1052 3802 1161 3855 animus
1171 3803 1239 3854 mihi
1247 3802 1428 3870 praeferenda

256 3893 373 3945 videtur.

292 3982 312 4049 ²)
337 3982 437 4051 Tylor,
456 3980 543 4034 Prim.
566 3980 640 4034 nult.
661 3981 675 4032 I
695 3982 746 4033 558
765 3980 850 4046 dioit,
869 3996 995 4032 somnum
1014 3983 1041 4033 et
1061 3981 1176 4031 mortem
1196 3978 1302 4030 homini
1322 3977 1428 4030 insulto

256 4071 341 4123 vitam
360 4070 500 4136 iudieare,
520 4070 627 4122 somnia
645 4072 738 4121 autem
758 4072 785 4121 et
801 4068 922 4121 visiones
937 4068 1014 4120 aliud
1025 4068 1166 4136 quiddam,
1177 4067 1250 4136 quod
1262 4065 1427 4135 „phantom”

256 4152 349 4225 voest,
378 4158 502 4226 eorporis
525 4158 640 4210 humani
666 4158 831 4227 imaginem
850 4173 922 4225 quse
941 4157 994 4208 due
1014 4157 1044 4208 in
1063 4173 1149 4207 unum
1168 4156 1286 4208 eonfleta
1304 4156 1427 4207 animum

258 4248 346 4315 speeie
365 4249 487 4300 humana
506 4248 663 4315 praeditum
684 4247 814 4299 formant.
835 4245 870 4298 A.
886 4247 964 4314 Lang
980 4248 1076 4297 eontra
1084 4245 1113 4295 ln
1123 4244 1196 4296 libre
1206 4244 1254 4312 qui
1265 4243 1428 4295 inscribitur

260 4336 332 4402 „The
360 4336 474 4404 making
502 4335 533 4387 of
558 4334 704 4403 Religion''
730 4334 869 4399 affirmat,
893 4335 1070 4387 animismum
1096 4349 1151 4385 non
1176 4334 1264 4385 solum
1285 4348 1300 4383 e
1319 4348 1428 4395 somno,

259 4427 358 4490 morte,
377 4424 507 4489 somniis,
526 4424 574 4477 sed
594 4424 680 4476 etiam
700 4438 734 4475 ex
754 4424 789 4475 iis
808 4422 904 4488 rebus,
924 4439 995 4490 quae
1014 4426 1130 4478 naturae
1150 4422 1218 4473 fines
1237 4421 1315 4472 nobis
1333 4420 1428 4489 egredi

259 4511 418 4578 videantur,
448 4515 539 4564 ortum
567 4528 634 4565 esee.
663 4511 791 4565 Ostendit
820 4511 864 4576 id,
894 4512 968 4579 quod
997 4509 1223 4578 „elairvoyanee”
1253 4510 1381 4572 voantur,
1400 4510 1428 4557 et
