3442 5175
644 1243 688 1317 C.
713 1244 780 1316 De
804 1244 1027 1317 arborum
1050 1244 1196 1315 eultu.

340 1703 371 1770 1.
385 1705 436 1770 De
444 1705 632 1772 arboribus
645 1724 665 1770 a
678 1702 822 1772 Graecis
834 1705 1013 1785 tamquam
1022 1703 1166 1771 deorum
1175 1703 1317 1771 sedibus
1326 1703 1499 1770 aderatis.

386 1901 490 1967 Leon.
514 1899 623 1968 Isaur.
646 1897 702 1967 32.
724 1914 777 1968 καὶ
801 1912 838 1967 ιὰ
860 1906 974 1988 δένδρα
998 1910 1042 1979 εἰς
1063 1907 1160 1978 θεοὺς
1183 1905 1376 1983 ἐνομίζοντο.

385 2025 403 2114 ξ
426 2024 502 2093 loa
528 2023 592 2114 [1].
616 2025 823 2092 Dodonae
846 2029 947 2109 (Ζεύς)
961 2026 999 2107 ¹).

385 2149 447 2217 Od.
471 2161 489 2232 ξ
511 2148 586 2217 328.
633 2161 686 2217 ιόν
707 2155 768 2228 δ’ἐς
791 2154 945 2235 Δωδώνην
969 2155 1059 2235 'qam
1082 2156 1230 2235 βήμεναι,
1255 2157 1339 2236 ὄφρα
1362 2154 1455 2214 θεοῖο

636 2283 670 2342 ἐκ
693 2280 786 2363 δρυὸς
808 2284 982 2359 ὑψικόμοιο
1007 2279 1077 2352 Διὸς
1098 2281 1223 2359 βουλὴν
1246 2281 1453 2340 ἐπακούσαι,

387 2397 523 2466 Hesied.
548 2397 588 2465 fr.
613 2396 678 2464 119
702 2397 863 2466 Marksch
886 2397 1012 2488 (Schol.
1037 2396 1139 2486 Seph.
1165 2396 1288 2463 Traeh.
1311 2392 1425 2481 1169).

516 2529 599 2591 ἔνθα
622 2551 653 2590 ιε
676 2527 809 2610 Δωδώνη
832 2552 877 2603 τις
899 2530 949 2591 ἐπ’
972 2532 1102 2611 ἐσχαιιῇ
1124 2530 1322 2591 ιιειιόλισιαι.

518 2654 581 2733 Τὴν
604 2653 638 2715 δὲ
661 2655 739 2727 Ζεὺς
760 2656 893 2737 ἐφίλησε
915 2662 970 2716 καὶ
993 2657 1031 2716 ὃν
1052 2659 1242 2737 χρηστήριον
1265 2659 1347 2715 εἶναι

515 2785 619 2858 ιὶμιον
642 2781 835 2863 ἀνθρώποις,
860 2787 951 2841 ναῖεν
973 2779 1038 2840 δ’ἐν
1059 2781 1202 2858 πυθμένι
1225 2785 1336 2860 φηγοῦ.

384 2897 487 2987 Soph.
512 2899 634 2967 Traeh.
658 2898 734 2967 171.

547 3036 551 3040 ’
580 3035 622 3103 ὡς
644 3036 699 3110 τὴν
721 3032 869 3094 παλαιὰν
891 3036 992 3111 φηγὸν
1015 3030 1153 3111 αὐδῆσαὶ
1176 3052 1251 3092 ποτε

581 3154 706 3218 Δωδῶνι
730 3156 847 3219 δισσῶν
870 3160 904 3218 ἐκ
927 3155 1106 3218 πελειάδων
1129 3158 1198 3237 ἔφη.

384 3273 479 3342 Serv.
504 3274 597 3362 Virg.
618 3273 704 3342 Aen.
725 3274 923 3343 111166...
945 3276 1005 3344 ubi
1025 3273 1501 3363 IovietVeneritempluma

339 3399 514 3468 veteribus
532 3398 646 3467 fuerat
669 3406 918 3467 consecratum.
950 3400 1048 3468 Circa
1070 3400 1136 3467 hoc
1158 3400 1327 3489 templum
1352 3420 1501 3489 quercus

337 3525 500 3591 immanis
530 3523 634 3590 fuisse
663 3523 808 3612 dieitur,
831 3545 873 3592 ex
896 3525 994 3593 euius
1016 3524 1190 3592 radicibus
1214 3526 1289 3592 lons
1320 3524 1499 3603 manabat,

339 3650 400 3738 qui
430 3669 492 3717 suo
522 3669 702 3716 murmure
724 3649 893 3718 instinctu
915 3648 1058 3717 deorum
1090 3649 1236 3718 diversis
1259 3649 1397 3717 oracula
1420 3649 1499 3716 red-

338 3772 460 3860 debat;
494 3793 584 3862 quae
618 3794 799 3841 murmura
833 3794 921 3841 anus
955 3774 1066 3842 Pelias
1100 3776 1239 3842 nomine
1272 3776 1501 3864 interpretata

338 3899 536 3967 hominibus
566 3898 765 3968 disserebat.
797 3898 864 3966 Sed
895 3920 974 3967 eum
1006 3899 1062 3967 hie
1086 3900 1169 3966 ordo
1199 3900 1415 3968 oraculorum
1439 3921 1501 3989 per

339 4024 449 4093 multa
482 4030 640 4114 tempora
672 4024 838 4108 stetisset,
873 4021 917 4091 ab
952 4023 1042 4091 Arce
1076 4024 1209 4091 latrone
1243 4024 1359 4113 illyria
1389 4025 1500 4092 excidi

338 4170 487 4238 quereus
509 4156 694 4239 praecepta
717 4155 786 4243 est:
811 4150 903 4216 unde
925 4149 1056 4217 laetum
1081 4154 1133 4215 est
1156 4154 1196 4216 ut
1219 4155 1338 4237 postea
1360 4150 1500 4218 fatidica

340 4296 520 4342 murmura
539 4275 759 4342 cessaverint.
781 4275 844 4360 (De
864 4274 929 4341 hoc
949 4273 1042 4341 fonte
1062 4274 1104 4341 ef.
1125 4274 1212 4341 Plin.
1235 4275 1274 4342 H.
1297 4276 1339 4342 N.
1356 4275 1386 4343 Il
1406 4275 1499 4363 106).

376 4473 395 4541 ¹)
415 4472 456 4524 of.
475 4468 719 4524 Preller-Robert⁴
738 4471 751 4522 I
773 4474 836 4536 122,
856 4472 999 4523 Bdttieher
1019 4475 1067 4523 111
1089 4488 1149 4540 sqq.
