3442 5175
778 773 854 842 XII.

284 1021 359 1100 Quo
401 1026 556 1111 tempore
594 1021 739 1090 deorum
773 1023 1204 1113 anthropomorphioorum
1240 1025 1402 1094 maiestas

240 1145 500 1215 diminuebatur
520 1147 783 1237 superstitiones
802 1148 937 1238 priseae
955 1150 992 1216 in
1013 1148 1158 1218 Graecia
1168 1150 1402 1219 reviruerunt.

773 1476 869 1546 XIII.

284 1742 432 1833 Lapides
451 1745 549 1812 uncti
568 1766 589 1811 a
609 1744 847 1833 Theophrasto
867 1744 1040 1830 (Charaot.
1059 1745 1119 1823 16)
1141 1748 1399 1815 commemorat

240 1889 309 1937 non
335 1889 415 1937 eum
440 1870 612 1938 hermaeis
635 1870 869 1939 confundendi
892 1876 983 1939 sunt.

775 2197 865 2267 XIV.

284 2467 357 2535 Vox
383 2475 536 2552 βαὶτυλος
559 2487 672 2555 neque
695 2466 738 2533 ad
763 2487 886 2534 saxum
908 2488 929 2533 a
954 2467 1069 2534 Krono
1091 2467 1297 2536 devoratum
1320 2468 1401 2536 Del-

239 2593 386 2682 phisque
410 2593 592 2662 adoratum
617 2613 730 2682 neque
754 2592 796 2660 ad
821 2598 937 2660 cetera
958 2591 1171 2661 Graecorum
1191 2612 1274 2661 saxa
1293 2614 1401 2678 saera,

240 2719 299 2786 sed
322 2723 460 2786 tontum
485 2718 527 2785 ad
551 2716 682 2807 lapides
707 2738 822 2786 sacros
846 2718 1007 2807 Syriacos
1028 2718 1189 2807 pertinet.

784 3047 857 3115 XV.

284 3315 480 3400 obeliscus,
504 3315 565 3403 qui
589 3314 736 3383 Athenis
766 3315 919 3405 alibique
947 3317 984 3384 in
1008 3316 1153 3384 Graecia
1176 3322 1257 3383 ante
1280 3316 1403 3383 ianuas

240 3442 373 3522 stabat,
404 3441 507 3510 simul
543 3448 741 3522 Ἀπόλλωνος
774 3448 920 3529 Ἀγυιέως
950 3441 1047 3510 sedes
1077 3447 1183 3531 atque
1213 3462 1275 3510 ara
1297 3440 1403 3510 fuisse

240 3567 387 3635 videtur.

775 3869 866 3937 XVI.

285 4138 324 4205 ln
359 4138 512 4206 nummis
546 4138 708 4226 Pergaeis
742 4157 873 4226 neque,
909 4142 948 4205 ut
984 4137 1080 4205 Head
1112 4137 1169 4222 (H.
1200 4138 1242 4205 N.
1267 4159 1298 4228 p.
1323 4137 1403 4224 585)

240 4263 416 4353 perhibet,
453 4280 576 4330 saxum
611 4262 685 4330 sine
716 4262 828 4352 capite
851 4261 1020 4344 humano,
1046 4282 1174 4352 neque,
1199 4269 1239 4330 ut
1263 4263 1404 4331 Reiehel

241 4386 369 4474 (Ueher
404 4385 685 4455 Vorhellenische
721 4384 936 4455 Gorterculte
970 4407 1003 4475 p.
1037 4386 1097 4476 28)
1128 4391 1247 4474 putat,
1278 4385 1402 4455 solium

241 4511 416 4597 divinum,
441 4510 499 4579 sed
524 4530 646 4579 saxum
670 4510 861 4599 capitatum
887 4530 1088 4599 expressum
1112 4514 1173 4578 est.
