3442 5175
882 401 923 470 lo

317 595 422 683 Tylor
456 594 658 663 dubitanter
691 602 930 685 proposuerat.
967 597 1108 666 Animal
1140 600 1233 667 enirn
1264 606 1328 669 aut
1350 600 1487 690 planta,

317 740 338 785 a
368 718 495 806 quibus
525 725 646 808 gentes
671 721 842 808 originem
866 721 1008 790 duxisse
1032 728 1220 811 putantur,
1246 744 1367 792 eorum
1392 726 1486 793 viro-

316 863 394 910 rum
438 842 620 911 doetorum
663 845 824 932 opinione
863 846 950 913 nihil
986 852 1039 914 est
1073 848 1141 915 nisi
1174 849 1297 933 homo,
1333 849 1412 937 qui,
1448 854 1489 917 ut

316 987 483 1055 persaepe
518 968 612 1055 apud
646 969 792 1058 populos
824 969 975 1038 incultos
1010 971 1067 1056 fit,
1103 971 1146 1039 de
1181 992 1221 1039 eo
1252 972 1396 1040 animali
1427 980 1490 1043 aut

316 1091 437 1179 planta
477 1092 687 1177 vocabatur,
730 1094 880 1182 quique,
923 1115 1088 1182 magnam
1131 1095 1278 1183 gloriam
1321 1098 1358 1164 in
1398 1097 1489 1165 bello

318 1215 481 1303 adeptae,
517 1216 554 1283 in
590 1221 809 1305 posterorum
845 1238 904 1286 ore
941 1219 1096 1307 mythico
1127 1223 1311 1308 tamquam
1340 1241 1489 1309 persona

316 1340 430 1408 faetus
461 1345 531 1424 est3
562 1339 702 1429 linguae
726 1346 845 1409 autem
869 1340 1099 1429 ambiguitate
1122 1343 1159 1409 in
1182 1342 1308 1411 fabulis
1331 1365 1421 1432 quae
1445 1346 1489 1413 de

317 1475 357 1522 eo
377 1454 612 1522 narrabantur
632 1475 702 1523 non
722 1457 870 1545 amplius
882 1462 1044 1524 accurate
1057 1457 1354 1546 distinguebatur,
1367 1464 1488 1529 utrum

318 1578 360 1645 de
394 1578 535 1646 homine
569 1600 615 1646 an
649 1579 691 1647 de
722 1579 866 1647 animali
898 1581 971 1647 sive
1001 1580 1121 1669 planta
1155 1602 1268 1649 sermo
1299 1589 1406 1667 esset3
1439 1585 1489 1652 sic

317 1703 472 1771 conlusio
506 1702 566 1769 illa
593 1723 730 1791 semper
761 1704 811 1770 ita
843 1704 1080 1791 accrescebat,
1110 1710 1150 1773 ut
1180 1707 1324 1775 tandem
1358 1709 1489 1777 animal

317 1828 390 1895 sive
420 1826 576 1915 plantam
608 1846 778 1914 proavum
809 1848 914 1896 suum
938 1849 1012 1897 esse
1036 1830 1281 1917 opinarentur3
1306 1838 1346 1900 ut
1371 1838 1490 1901 autem

317 1951 466 2017 maiores
497 1950 645 2034 humani
671 1952 851 2038 coluntur,
874 1952 924 2019 ita
947 1972 1116 2041 proavum
1140 1954 1241 2022 illum
1264 1977 1404 2045 quoque
1429 1959 1490 2026 tali

317 2074 448 2141 honore
483 2073 647 2162 dignum,
682 2076 768 2164 quin
803 2076 910 2143 etiam
945 2076 1055 2144 multo
1089 2077 1285 2166 digniorem
1315 2081 1488 2168 iudicant,

317 2202 427 2287 utque
459 2218 532 2266 sese
562 2199 669 2268 abeo
694 2200 864 2288 originem
890 2200 1029 2269 duxisse
1054 2202 1226 2290 cogitant,
1249 2204 1300 2271 ita
1323 2206 1489 2275 animalia

318 2320 390 2389 sive
428 2322 567 2409 plantas
601 2323 754 2391 eiusdem
791 2325 919 2413 speciei
953 2325 1103 2392 eundem
1137 2347 1308 2415 proavum
1343 2330 1488 2418 habere,

318 2451 353 2514 et
377 2451 559 2535 tamquam
584 2447 710 2516 fratres
734 2469 814 2517 suos
837 2470 912 2517 esse
936 2449 1188 2540 existimant1).
1215 2452 1354 2521 Hancce
1378 2457 1489 2544 expli-

296 2571 510 2657 ¹rationem,
545 2594 636 2662 quae
671 2573 764 2663 quod
799 2574 843 2642 ad
874 2573 1015 2665 linguae
1046 2574 1313 2664 ambiguitatem
1345 2579 1489 2661 attinet,

296 2696 550 2791 ¹ltlanimiliani
586 2698 745 2766 Muelleri
776 2699 976 2768 fabularum
998 2701 1306 2788 interpretationes
1329 2702 1429 2772 nobis
1452 2705 1490 2771 in

297 2822 523 2888 memoriam
545 2822 691 2905 reducit,
712 2824 857 2892 minime
873 2829 1006 2892 rectam
1019 2844 1094 2892 esse
1107 2824 1275 2894 Marillier
1288 2828 1314 2913 2)
1327 2828 1489 2896 ostendit.

356 3143 375 3208 1)
395 3142 474 3195 Aliee
495 3141 525 3195 G.
546 3143 690 3208 Fletcher,
711 3143 735 3195 A
755 3143 838 3212 study
858 3143 890 3195 of
906 3145 953 3195 the
973 3143 1079 3196 Omaha
1099 3145 1185 3198 tribe:
1206 3146 1264 3199 The
1284 3146 1387 3214 impert
1403 3149 1434 3200 of
1443 3151 1490 3201 the

318 3235 403 3284 totem
429 3231 616 3297 (Smithonian
641 3232 746 3299 Report
773 3234 856 3298 1897,
884 3249 930 3300 pp.
949 3235 1102 3301 ott—586)
1123 3237 1203 3301 putat
1224 3238 1357 3287 totemum
1377 3238 1489 3305 gentili-

317 3323 391 3373 oium
417 3337 431 3372 e
458 3321 630 3388 singulorum
650 3321 793 3372 homiuum
813 3322 924 3373 totemis
943 3321 984 3373 ita
1002 3325 1094 3373 ortum
1113 3338 1185 3388 esse,
1206 3326 1236 3374 ut
1255 3325 1352 3390 proavi
1371 3326 1491 3379 alieuius

318 3414 451 3472 totemum
478 3409 538 3462 eius
565 3413 737 3477 posterorum
763 3413 897 3480 totemum
924 3411 1029 3463 faotum
1049 3411 1093 3463 sit.
1115 3410 1198 3480 Apud
1218 3411 1337 3464 Omahas
1356 3430 1420 3480 pars
1439 3414 1490 3466 ali-

318 3499 397 3552 euius
424 3498 567 3563 animalis,
595 3499 724 3565 plantae,
750 3498 866 3565 lapidis,
892 3499 964 3551 alius
988 3500 1043 3564 rei,
1069 3515 1139 3566 quae
1164 3516 1181 3551 a
1200 3516 1325 3568 quoquo,
1344 3504 1490 3570 postquam

317 3589 352 3641 ad
372 3589 546 3657 pubertatem
565 3589 642 3640 veuit
663 3591 746 3656 atque
766 3590 854 3640 oertos
874 3588 1006 3655 quosdam
1027 3587 1098 3639 ritus
1118 3588 1250 3654 perfecit,
1270 3589 1300 3640 in
1315 3588 1490 3642 somniovisa

318 3681 372 3743 est,
392 3693 440 3744 per
460 3678 546 3728 totam
567 3678 653 3729 vitam
674 3677 718 3744 pie
739 3679 866 3729 servatur
888 3679 915 3728 et
935 3679 1108 3728 saerosanota
1125 3677 1251 3743 habetur,
1273 3693 1337 3729 nam
1358 3679 1490 3731 maiorem

309 3747 487 3818 ¹minoremve
515 3768 679 3832 potestatem
704 3766 729 3817 ei
754 3765 909 3818 attribuero
934 3767 1058 3832 putatur.
1083 3765 1167 3831 ,This
1193 3770 1329 3819 memento
1355 3783 1385 3819 or
1405 3771 1490 3819 totem

318 3871 374 3906 was
398 3870 481 3906 never
504 3870 539 3905 an
558 3854 649 3922 object
668 3854 699 3905 of
715 3854 851 3920 worship,
871 3854 894 3905 it
914 3870 969 3906 was
988 3854 1036 3906 the
1054 3854 1141 3905 man's
1160 3854 1326 3920 eredential‚
1348 3857 1396 3907 the
1415 3855 1490 3924 frag·

318 3945 407 4009 ment,
427 3945 455 3995 to
474 3946 590 3994 eonneet
608 3943 645 3994 its
666 3957 803 4009 possessor
823 3943 893 3994 with
914 3943 962 3994 the
981 3941 1160 4010 potentiality
1180 3942 1211 3994 of
1228 3943 1276 3994 the
1287 3943 1376 3995 whole
1386 3944 1490 4011 speeies

317 4031 494 4100 represented
513 4031 549 4099 by
570 4033 617 4083 the
637 4033 706 4082 sorm
726 4046 790 4082 seen
809 4032 839 4082 in
857 4033 904 4083 the
923 4032 1027 4098 vision,
1044 4032 1098 4083 and
1110 4033 1231 4101 through
1242 4032 1334 4084 whioh
1346 4033 1490 4085 theman’s

317 4122 445 4190 strength
465 4136 521 4172 was
538 4124 565 4171 to
586 4120 619 4172 be
638 4120 799 4172 reenforoed
818 4120 873 4171 and
893 4120 1009 4173 disaster
1029 4120 1167 4173 averted.''
1187 4120 1230 4172 Cf.
1247 4106 1277 4172 E.
1298 4121 1323 4173 S.
1342 4122 1489 4188 Hartlausl,

318 4210 468 4261 Totemism
489 4209 543 4261 and
566 4225 639 4260 some
659 4211 753 4260 reeent
776 4209 951 4274 disooveries,
970 4209 1099 4261 Folklore
1118 4210 1162 4261 XI
1180 4226 1227 4277 pp.
1247 4212 1360 4262 52-80.

355 4297 377 4363 2)
403 4299 433 4349 L.
458 4297 609 4362 Marillier,
637 4298 677 4348 La
703 4298 780 4363 plaoe
806 4298 844 4349 du
870 4296 1024 4350 totdmisme
1051 4298 1118 4350 dane
1145 4297 1308 4351 l'erolution
1327 4299 1490 4367 religieuse,

318 4386 412 4438 Revue
438 4386 472 4437 de
490 4385 626 4437 l'histoire
646 4385 693 4437 des
712 4384 844 4453 religione
866 4389 949 4451 1897,
970 4389 1035 4438 tom.
1055 4390 1087 4437 36
1109 4403 1154 4454 pp.
1175 4390 1226 4438 212
1246 4403 1305 4455 sqq.
1326 4386 1367 4439 Gi.
1389 4388 1489 4455 Tylor,

318 4474 453 4528 Remarks
473 4490 509 4527 on
529 4474 692 4539 Totemism‚
712 4475 830 4526 Journal
850 4476 882 4527 of
898 4476 946 4527 the
965 4476 1104 4542 Anthrop.
1124 4476 1192 4528 Inst.
1212 4476 1243 4527 of
1260 4474 1306 4527 Gr.
1324 4475 1489 4541 Brit.l898,
