3442 5175
762 338 827 407 217

212 558 314 627 quem
341 537 447 604 etiam
469 539 506 604 in
530 537 740 605 Graecorum
762 537 933 605 eiusmodi
946 537 1249 626 superstitionibus
1260 544 1378 626 partes

212 662 381 751 quasdam
404 663 513 752 egisse
537 663 623 730 mihi
647 683 717 730 non
735 662 938 731 incredibile
950 662 1097 730 videtur.
1112 662 1260 731 Graecos
1272 664 1376 744 enim,

211 788 273 876 qui
302 793 380 876 post
404 787 546 855 Homeri
569 792 707 876 tempus
731 787 896 855 vivebant
920 793 1075 856 mortuos
1099 808 1225 876 magna
1248 789 1377 877 pietate

211 918 393 981 veneratos
416 933 489 981 esse
512 933 614 981 nemo
637 913 764 997 nescit;
785 913 845 981 sed
858 914 964 981 etiam
977 918 1058 981 ante
1072 913 1214 981 Homeri
1226 918 1377 982 aetatem

211 1038 344 1106 cultum
375 1036 474 1105 illum
503 1038 541 1104 in
572 1037 717 1120 Graecia
749 1038 905 1106 floruisse
938 1058 980 1105 ex
1010 1038 1094 1126 ipsis
1125 1038 1200 1106 eius
1223 1038 1378 1127 vestigiis

211 1162 304 1252 apud
339 1162 530 1230 Homerum
566 1163 712 1251 repertis
746 1162 898 1231 ostendit
933 1161 1109 1250 Rhode1);
1142 1183 1378 1252 magnamque

211 1309 250 1356 re
271 1308 353 1355 vera
371 1286 652 1376 probabilitatem
671 1287 777 1355 habet
798 1287 923 1355 Rhodii
943 1288 1069 1377 opinio,
1089 1308 1171 1355 nam
1191 1288 1262 1356 fere
1282 1287 1378 1356 nulla

211 1413 388 1482 veneratio
418 1417 599 1502 tantopere
629 1432 692 1501 per
721 1417 835 1480 totum
859 1411 979 1480 orbem
1001 1418 1175 1481 terrarum
1200 1411 1379 1501 divulgata

212 1544 281 1624 est,
313 1538 441 1627 quippe
473 1558 564 1628 quae
595 1558 675 1607 cum
700 1538 791 1627 apud
815 1557 936 1606 omnes
958 1537 1030 1606 sere
1053 1536 1198 1627 populos
1220 1537 1379 1621 incultos,

210 1668 288 1731 tum
323 1662 416 1750 apud
451 1663 581 1751 priscos
612 1663 787 1748 homines,
819 1682 946 1751 eosque
977 1662 1118 1730 Graecis
1148 1667 1313 1751 cognatos
1334 1700 1379 1711 -

211 1787 332 1866 Indos,
358 1788 497 1872 Persas
521 1787 713 1855 Germanos
737 1788 868 1855 dico—
882 1789 1091 1876 reperiatur3
1111 1807 1225 1877 neque
1237 1787 1378 1872 mirum,

212 1936 312 1999 nam,
338 1918 377 1981 ut
399 1914 469 1980 iam
493 1933 598 2001 supra
622 1912 773 1980 vidimus
783 1915 820 1998 2),
844 1913 920 2001 ipsa
938 1913 1114 2001 perceptio
1132 1911 1202 1998 illa,
1222 1912 1378 1979 animum

211 2062 233 2108 a
256 2059 398 2127 corpore
420 2058 495 2106 esse
515 2037 817 2126 distinguendum,
837 2038 1014 2105 animismi
1034 2038 1130 2125 origo
1143 2057 1217 2105 esse
1229 2037 1377 2105 videtur.

213 2162 412 2232 Admodum
446 2162 554 2251 igitur
589 2162 775 2229 verisimile
811 2167 880 2248 est,
905 2161 1053 2230 Graecos
1073 2162 1204 2250 priscos
1224 2165 1379 2229 mortuos

212 2309 292 2357 suos
311 2287 466 2371 coluisse,
487 2286 569 2374 quia
587 2290 793 2375 potestatem
814 2286 849 2353 in
865 2286 1021 2354 homines
1034 2286 1154 2354 sivein
1166 2286 1294 2355 bonam
1307 2288 1378 2355 sive

211 2414 248 2480 in
270 2412 396 2480 malam
416 2418 552 2500 partem
573 2432 631 2480 eos
644 2411 778 2480 habere
797 2414 1007 2502 cogitarent3
1029 2434 1098 2501 qua
1113 2419 1232 2481 autem
1245 2415 1379 2482 ratione

211 2537 317 2606 talem
341 2538 508 2606 honorem
531 2538 573 2605 iis
596 2537 821 2606 attribuerint
844 2558 887 2607 ex
909 2538 994 2629 ipsis
1017 2538 1184 2629 sepulcris
1207 2541 1378 2631 antiquis-

212 2664 308 2732 simis
341 2670 505 2754 apparet;
537 2664 705 2732 sacrificia
736 2665 828 2732 enim
860 2666 897 2732 in
927 2665 969 2732 iis
1000 2665 1073 2733 sive
1096 2686 1202 2755 supra
1225 2687 1266 2734 ea
1289 2668 1379 2736 facta

212 2808 286 2855 esse
317 2788 484 2878 reliquiae
514 2789 680 2858 indicant.
712 2789 848 2879 Ubique
880 2795 998 2857 autem
1028 2791 1065 2857 in
1089 2790 1234 2859 Graecia
1259 2793 1379 2860 eodem

213 2914 314 2981 modo
351 2920 505 2983 mortuos
539 2914 649 2983 cultos
684 2934 758 2983 esse
792 2934 861 2983 non
893 2919 946 2983 est
969 2935 1031 2983 cur
1054 2915 1255 3001 credamus3
1279 2938 1379 3003 nam,

213 3045 253 3107 ut
275 3040 345 3107 iam
369 3039 458 3119 dixi,
483 3039 613 3128 optime
637 3044 751 3126 potest
774 3038 850 3107 fieri
874 3043 914 3107 ut
933 3039 1108 3109 nonnullis
1126 3041 1163 3109 in
1181 3042 1380 3130 regionibus

214 3166 354 3234 Graecis
384 3170 603 3234 mortuorum
633 3166 744 3233 animi
774 3166 811 3232 iu
835 3163 902 3232 alia
926 3184 1071 3254 corpora
1093 3167 1243 3234 transire
1266 3169 1380 3256 putati

213 3294 293 3361 sint.
328 3293 364 3360 Si
399 3293 492 3360 enim
527 3291 605 3359 Indi
639 3291 798 3358 hodierni
822 3294 857 3358 et
881 3290 1059 3358 llelanesii
1068 3292 1094 3376 ³)
1117 3291 1322 3359 animalium
1345 3298 1380 3360 et

213 3402 412 3507 plantarum
445 3419 608 3486 universa
636 3437 764 3506 genera
795 3415 931 3502 colunt,
963 3417 1046 3504 quia
1076 3417 1111 3483 in
1143 3417 1185 3484 iis
1208 3417 1379 3484 maiorum

214 3564 356 3612 suornm
391 3543 525 3610 animos
559 3541 718 3609 habitare
752 3546 896 3630 putant,
931 3562 1001 3630 qua
1036 3562 1072 3608 re
1108 3541 1200 3630 apud
1232 3541 1380 3609 Graecos

214 3688 351 3757 quoque
401 3668 571 3736 eiusmodi
617 3668 857 3735 venerationes
903 3686 972 3734 non
1018 3665 1164 3735 eandem
1211 3666 1380 3755 originem

214 3793 342 3862 habere
365 3793 566 3882 potueriutl

253 4084 273 4150 ¹)
291 4084 323 4137 Ε.
341 4084 446 4148 Rhode,
466 4085 572 4152 Psyche
592 4083 619 4136 1²
640 4085 732 4135 1-67.

254 4172 274 4239 ⁹)
293 4173 365 4226 Vide
385 4173 446 4225 Lib.
466 4175 514 4241 15
535 4178 558 4226 1.

252 4261 272 4330 ³)
290 4263 362 4316 Vide
380 4279 465 4331 supra
484 4263 543 4316 Lib.
563 4265 577 4315 I
596 4266 611 4331 ξ
632 4266 673 4316 11.
