3442 5175
841 387 881 453 71

277 581 512 669 coniungunt,
555 588 694 671 Μεγάλῃ
734 589 850 671 Μήτρί,
895 589 1058 671 Ὀρεστέρρ
1099 589 1206 671 Μήτρί
1244 583 1448 650 tribuendos

174 799 177 802 ι
277 711 410 784 censet3
444 706 560 773 minus
590 711 701 791 reete,
729 708 871 795 opinor,
894 727 976 773 nam
999 712 1073 773 tam
1098 705 1226 773 multos
1249 706 1380 795 lapides
1404 707 1447 773 ad

275 829 397 896 heroes
439 831 615 917 pertinere
657 831 873 898 existimatos
911 851 985 898 esse
1018 829 1195 908 videmos,
1232 836 1272 897 ut
1304 831 1447 897 minime

276 972 415 1020 necesse
438 953 501 1037 sit,
527 972 646 1021 vocem
671 961 853 1043 Ὀρεσιεραυ
872 953 1007 1022 fabulas
1026 953 1103 1021 illas
1115 953 1158 1020 de
1171 952 1293 1021 Oreste
1305 958 1448 1041 agentes

276 1077 450 1164 peperisse
472 1082 648 1164 putemus

319 1324 415 1412 549.
440 1324 504 1416 [6].
531 1324 660 1409 Aeni,
685 1327 721 1392 in
746 1325 833 1393 urbe
858 1325 1065 1392 Thessaliae.

320 1449 412 1517 Plut.
444 1449 584 1528 Quaest.
616 1450 738 1516 Graec,
771 1447 825 1516 13.
861 1456 917 1517 Ἐκ
947 1455 981 1516 όὲ
1012 1459 1123 1516 τούτου
1145 1463 1393 1537 μονομαχοῦσιν
1416 1463 1447 1519 οί

274 1581 433 1658 βασιλεῖς,
469 1588 525 1641 καί
560 1584 613 1641 τὸν
643 1586 704 1641 τῶν
739 1579 906 1659 Ἰναχιέων
937 1578 1113 1661 Ὑπέροχον
1146 1582 1164 1638 ύ
1194 1586 1255 1640 τῶν
1284 1580 1448 1641 Αἰνιάνων

276 1705 408 1783 Φήμιος,
441 1707 524 1786 ὁρῶν
553 1709 633 1782 μετά
655 1708 750 1776 κυνός
773 1706 857 1782 αύτῷ
881 1706 1152 1786 προσφερόμενον,
1177 1706 1234 1763 ούκ
1257 1705 1317 1783 ἔφη
1338 1702 1448 1765 όίκαια

275 1837 389 1905 ποιεῖν,
436 1828 581 1910 όεύτερον
624 1831 783 1907 ἐπάγοντα
803 1831 1014 1909 μαχόμενον
1051 1827 1289 1898 ἀπελαύνοντος
1325 1825 1359 1886 όὲ
1392 1833 1448 1888 τού

276 1952 447 2034 Ὑπερόχου
470 1957 524 2013 τόν
546 1955 629 2012 κύνα
650 1958 706 2013 καί
727 1953 1025 2034 μεταστρεφομένου
1049 1951 1137 2028 λίθῳ
1156 1950 1271 2026 βαλὼν
1289 1953 1307 2009 ό
1327 1950 1448 2028 Φήμιος

275 2080 411 2158 άναιρεῖ.
444 2076 650 2156 Κιήσάμενοι
684 2075 718 2136 δὲ
737 2081 792 2154 τήν
825 2080 945 2158 χώραν,
983 2080 1053 2147 τούς
1090 2074 1239 2154 Ἰναχιεῖς
1272 2079 1352 2152 μετὰ
1387 2082 1448 2136 τῶν

281 2200 419 2280 Ἀχαιῶν
448 2200 647 2277 ἐκβαλόντες,
680 2203 734 2260 τὸν
763 2203 824 2276 μὲν
854 2199 956 2259 λίθον
978 2201 1101 2260 ἐκεῖνον
1124 2202 1166 2271 ὡς
1189 2203 1275 2281 ίερόν
1298 2200 1447 2275 σέβονται

274 2330 329 2383 καί
351 2324 491 2384 θύουσιν
515 2325 600 2401 αύτῷ
623 2329 678 2384 καί
702 2328 757 2384 τού
780 2326 898 2405 ἱερείου
921 2327 962 2401 τῷ
986 2321 1076 2403 όήμῷ
1099 2323 1400 2404 περικαλύπτουσιν.

437 2620 509 2687 ΙΙΙ.
536 2621 587 2687 Ι)ο
611 2620 791 2704 lapidibus
815 2621 932 2704 eapite
955 2621 1108 2688 humano
1131 2621 1283 2689 ornatis·

319 2812 337 2897 ᾖ·
360 2809 414 2879 50.
441 2809 505 2899 [1].
531 2811 583 2877 Da
608 2829 752 2878 lisoius,

320 2934 423 3001 Paus.
447 2933 479 3019 I,
503 2933 564 3019 24,
587 2933 619 3001 3.
644 2943 792 3004 λέλεκται
815 2942 850 3003 όί
871 2965 929 3021 μοι
948 2950 1003 3004 καί
1023 2946 1176 3025 πρότερον
1196 2948 1238 3016 ὡς
1261 2946 1447 3025 Ἀθηναίοις

275 3068 500 3147 περισσότερόν
531 3089 558 3126 τι
582 3069 602 3144 ή
624 3074 688 3139 τοῖς
712 3067 828 3139 ἄλλοις
850 3069 883 3139 ἐς
906 3072 943 3128 τά
965 3069 1043 3128 θεῖά
1066 3070 1131 3129 ἐστι
1155 3067 1302 3146 σπουδῆς.
1328 3076 1446 3151 πρῶτοι

273 3194 334 3268 μὲν
376 3195 437 3272 γάρ
478 3191 626 3271 Ἀθηνῶν
660 3193 878 3269 ἐπωνόμασαν
916 3190 1082 3273 Ἐργάνην,
1117 3197 1235 3273 πρῶτοι
1270 3190 1447 3265 ό’άκῶλους

276 3312 399 3395 Ἑρμᾶς
423 3309 480 3374 **.
497 3309 522 3392 ι)

319 3431 420 3498 Paua.
453 3430 510 3516 IV,
541 3430 602 3512 33,
635 3430 667 3498 3.
705 3439 890 3520 Ἀθηναίων
921 3445 982 3522 γάρ
1005 3444 1038 3501 τὸ
1062 3447 1172 3520 σχήμα
1195 3444 1229 3500 τό
1253 3443 1446 3523 τετράγωνόν

276 3563 360 3622 ἐστιν
384 3564 437 3622 ἐπί
460 3569 524 3634 τοῖς
548 3561 692 3644 Ἑρμαῖς,
717 3570 772 3624 καί
791 3569 882 3646 παρά
901 3568 1017 3625 τούτων
1034 3565 1266 3642 μεμαθήκασιν
1285 3568 1316 3624 οί
1335 3564 1444 3625 ἄλλοι.

320 3679 423 3747 Paus.
456 3678 555 3762 VIII,
586 3678 648 3766 48,
678 3680 709 3748 6.
743 3692 914 3769 πεποίηται
946 3688 979 3748 δὲ
1009 3695 1064 3749 καί
1088 3687 1159 3760 Διός
1184 3687 1315 3749 Τελείου
1337 3690 1446 3767 βωμὸς

276 3816 331 3870 καί
354 3810 489 3889 ἄγαλμα
513 3815 715 3894 τετράγωνον·
745 3821 903 3895 περισσῶς
925 3818 986 3894 γάρ
1009 3812 1048 3891 ύή
1071 3835 1099 3872 τι
1122 3817 1163 3890 τῷ
1186 3814 1324 3891 σχήματι
1348 3816 1446 3892 τούτῳ

277 3938 447 4012 φαίνονταί
470 3955 528 4013 μοι
550 3939 677 4018 χαίρειν
701 3940 732 3997 οί
759 3935 916 4017 Ἀρκάδες,

321 4051 424 4118 Hisee
458 4051 542 4120 loeis
577 4053 719 4120 hermae
756 4074 776 4120 a
811 4053 986 4120 Pausania
1020 4057 1202 4141 praeterea
1233 4073 1444 4121 commemo·

275 4178 416 4241 rantur:

319 4444 338 4509 1)
358 4445 528 4512 ἐποιήσαντο
547 4446 595 4495 aut
615 4444 670 4496 tole
689 4443 758 4512 quid
776 4443 912 4496 exoidisse
931 4443 1050 4496 videtur.
