<?xml version="1.0" encoding="UTF-8"?>
<!DOCTYPE html PUBLIC "-//W3C//DTD XHTML 1.0 Transitional//EN"
    "http://www.w3.org/TR/xhtml1/DTD/xhtml1-transitional.dtd">
<html xmlns="http://www.w3.org/1999/xhtml" xml:lang="en" lang="en">
 <head>
  <title>
</title>
<meta http-equiv="Content-Type" content="text/html;charset=utf-8" />
  <meta name='ocr-system' content='tesseract 3.04.00' />
  <meta name='ocr-capabilities' content='ocr_page ocr_carea ocr_par ocr_line ocrx_word'/>
</head>
<body>
  <div class='ocr_page' id='page_1' title='image "./degraecorumdiis00vissgoog_0063.png"; bbox 0 0 3442 5175; ppageno 0'>
   <div class='ocr_carea' id='block_1_1' title="bbox 796 439 841 507">
    <p class='ocr_par' dir='ltr' id='par_1_1' title="bbox 796 439 841 507">
     <span class='ocr_line' id='line_1_1' title="bbox 796 439 841 507; baseline -0.022 0"><span class='ocrx_word' id='word_1_1' title='bbox 796 439 841 507; x_wconf 77' lang='lat'>43</span> 
     </span>
    </p>
   </div>
   <div class='ocr_carea' id='block_1_2' title="bbox 143 634 1405 1203">
    <p class='ocr_par' dir='ltr' id='par_1_2' title="bbox 143 634 1405 1203">
     <span class='ocr_line' id='line_1_2' title="bbox 234 634 1403 725; baseline 0.003 -23"><span class='ocrx_word' id='word_1_2' title='bbox 234 634 380 702; x_wconf 87' lang='lat' dir='ltr'>Graecos</span> <span class='ocrx_word' id='word_1_3' title='bbox 410 635 556 721; x_wconf 91' lang='lat' dir='ltr'>paulum</span> <span class='ocrx_word' id='word_1_4' title='bbox 587 639 727 703; x_wconf 91' lang='lat' dir='ltr'>tantum</span> <span class='ocrx_word' id='word_1_5' title='bbox 756 636 952 724; x_wconf 82' lang='lat' dir='ltr'>pertinent3</span> <span class='ocrx_word' id='word_1_6' title='bbox 980 636 1040 703; x_wconf 89' lang='lat' dir='ltr'>sed</span> <span class='ocrx_word' id='word_1_7' title='bbox 1065 638 1148 725; x_wconf 91' lang='lat' dir='ltr'>quia</span> <span class='ocrx_word' id='word_1_8' title='bbox 1170 639 1208 705; x_wconf 90' lang='lat' dir='ltr'>iu</span> <span class='ocrx_word' id='word_1_9' title='bbox 1231 640 1403 723; x_wconf 84' lang='lat' dir='ltr'>nummis,</span> 
     </span>
     <span class='ocr_line' id='line_1_3' title="bbox 233 758 1404 848; baseline 0.003 -22"><span class='ocrx_word' id='word_1_10' title='bbox 233 760 269 827; x_wconf 90' lang='lat' dir='ltr'>iu</span> <span class='ocrx_word' id='word_1_11' title='bbox 300 758 426 848; x_wconf 86' lang='lat' dir='ltr'>quibus</span> <span class='ocrx_word' id='word_1_12' title='bbox 457 779 619 847; x_wconf 82' lang='lat' dir='ltr'>expressa</span> <span class='ocrx_word' id='word_1_13' title='bbox 650 764 751 842; x_wconf 89' lang='lat' dir='ltr'>sunt,</span> <span class='ocrx_word' id='word_1_14' title='bbox 783 759 928 827; x_wconf 91' lang='lat' dir='ltr'>deorum</span> <span class='ocrx_word' id='word_1_15' title='bbox 960 760 1174 829; x_wconf 85' lang='lat' dir='ltr'>Graecorum</span> <span class='ocrx_word' id='word_1_16' title='bbox 1197 763 1339 830; x_wconf 86' lang='lat' dir='ltr'>nomina</span> <span class='ocrx_word' id='word_1_17' title='bbox 1361 764 1404 831; x_wconf 91' lang='lat' dir='ltr'>iis</span> 
     </span>
     <span class='ocr_line' id='line_1_4' title="bbox 143 883 1404 976; baseline 0.006 -27"><span class='ocrx_word' id='word_1_18' title='bbox 143 909 146 914; x_wconf 55' lang='lat'><em>¹</em></span> <span class='ocrx_word' id='word_1_19' title='bbox 234 883 406 971; x_wconf 85' lang='lat' dir='ltr'>adscripta</span> <span class='ocrx_word' id='word_1_20' title='bbox 432 883 607 969; x_wconf 87' lang='lat' dir='ltr'>videmus,</span> <span class='ocrx_word' id='word_1_21' title='bbox 632 897 694 952; x_wconf 85' lang='lat' dir='ltr'>aut</span> <span class='ocrx_word' id='word_1_22' title='bbox 712 883 761 950; x_wconf 92' lang='lat' dir='ltr'>dii</span> <span class='ocrx_word' id='word_1_23' title='bbox 783 905 844 952; x_wconf 90' lang='lat' dir='ltr'>seu</span> <span class='ocrx_word' id='word_1_24' title='bbox 865 883 980 952; x_wconf 90' lang='lat' dir='ltr'>herois</span> <span class='ocrx_word' id='word_1_25' title='bbox 993 884 1141 953; x_wconf 88' lang='lat' dir='ltr'>alicuius</span> <span class='ocrx_word' id='word_1_26' title='bbox 1152 885 1277 954; x_wconf 83' lang='lat' dir='ltr'>Graeci</span> <span class='ocrx_word' id='word_1_27' title='bbox 1288 888 1404 976; x_wconf 82' lang='lat' dir='ltr'>imago</span> 
     </span>
     <span class='ocr_line' id='line_1_5' title="bbox 233 1007 1405 1099; baseline 0.004 -25"><span class='ocrx_word' id='word_1_28' title='bbox 233 1009 268 1075; x_wconf 93' lang='lat' dir='ltr'>in</span> <span class='ocrx_word' id='word_1_29' title='bbox 300 1008 445 1075; x_wconf 87' lang='lat' dir='ltr'>adversa</span> <span class='ocrx_word' id='word_1_30' title='bbox 476 1013 576 1096; x_wconf 84' lang='lat' dir='ltr'>parte</span> <span class='ocrx_word' id='word_1_31' title='bbox 607 1007 838 1097; x_wconf 83' lang='lat' dir='ltr'>conspicitur,</span> <span class='ocrx_word' id='word_1_32' title='bbox 870 1028 1012 1097; x_wconf 86' lang='lat' dir='ltr'>prorsus</span> <span class='ocrx_word' id='word_1_33' title='bbox 1043 1030 1084 1077; x_wconf 88' lang='lat' dir='ltr'>ca</span> <span class='ocrx_word' id='word_1_34' title='bbox 1115 1010 1290 1099; x_wconf 80' lang='lat' dir='ltr'>negligere</span> <span class='ocrx_word' id='word_1_35' title='bbox 1318 1013 1405 1080; x_wconf 90' lang='lat' dir='ltr'>mihi</span> 
     </span>
     <span class='ocr_line' id='line_1_6' title="bbox 234 1132 738 1203; baseline 0.004 -6"><span class='ocrx_word' id='word_1_36' title='bbox 234 1132 348 1201; x_wconf 87' lang='lat' dir='ltr'>minus</span> <span class='ocrx_word' id='word_1_37' title='bbox 371 1137 508 1202; x_wconf 86' lang='lat' dir='ltr'>rectum</span> <span class='ocrx_word' id='word_1_38' title='bbox 533 1133 647 1203; x_wconf 88' lang='lat' dir='ltr'>visum</span> <span class='ocrx_word' id='word_1_39' title='bbox 676 1138 738 1202; x_wconf 83' lang='lat' dir='ltr'>est.</span> 
     </span>
    </p>
   </div>
   <div class='ocr_carea' id='block_1_3' title="bbox 277 1497 1404 1583">
    <p class='ocr_par' dir='ltr' id='par_1_3' title="bbox 277 1497 1404 1583">
     <span class='ocr_line' id='line_1_7' title="bbox 277 1497 1404 1583; baseline 0.004 -20"><span class='ocrx_word' id='word_1_40' title='bbox 277 1499 307 1564; x_wconf 83' lang='lat' dir='ltr'>d.</span> <span class='ocrx_word' id='word_1_41' title='bbox 333 1497 386 1565; x_wconf 80' lang='lat' dir='ltr'>Da</span> <span class='ocrx_word' id='word_1_42' title='bbox 410 1514 531 1582; x_wconf 84' lang='lat' dir='ltr'>coms,</span> <span class='ocrx_word' id='word_1_43' title='bbox 551 1514 750 1582; x_wconf 75' lang='lat' dir='ltr'>concisore,</span> <span class='ocrx_word' id='word_1_44' title='bbox 771 1514 1030 1583; x_wconf 66' lang='lat' dir='ltr'>precinamus,</span> <span class='ocrx_word' id='word_1_45' title='bbox 1045 1514 1221 1566; x_wconf 77' lang='lat' dir='ltr'>cocuurus</span> <span class='ocrx_word' id='word_1_46' title='bbox 1234 1516 1404 1567; x_wconf 74' lang='lat' dir='ltr'>inmunis.</span> 
     </span>
    </p>
   </div>
   <div class='ocr_carea' id='block_1_4' title="bbox 233 1745 1406 2567">
    <p class='ocr_par' dir='ltr' id='par_1_4' title="bbox 277 1745 1189 1838">
     <span class='ocr_line' id='line_1_8' title="bbox 277 1745 1189 1838; baseline 0 -24"><span class='ocrx_word' id='word_1_47' title='bbox 277 1747 295 1836; x_wconf 60' lang='grc' dir='ltr'><strong>ἓ</strong></span> <span class='ocrx_word' id='word_1_48' title='bbox 319 1746 373 1815; x_wconf 75' lang='grc'>18.</span> <span class='ocrx_word' id='word_1_49' title='bbox 399 1747 459 1838; x_wconf 86' lang='grc'><strong>[1].</strong></span> <span class='ocrx_word' id='word_1_50' title='bbox 485 1746 643 1836; x_wconf 83' lang='lat' dir='ltr'>Paphi,</span> <span class='ocrx_word' id='word_1_51' title='bbox 667 1747 704 1813; x_wconf 87' lang='lat' dir='ltr'>in</span> <span class='ocrx_word' id='word_1_52' title='bbox 728 1746 815 1813; x_wconf 82' lang='lat' dir='ltr'>urbe</span> <span class='ocrx_word' id='word_1_53' title='bbox 841 1745 958 1834; x_wconf 81' lang='lat' dir='ltr'>Cypri.</span> <span class='ocrx_word' id='word_1_54' title='bbox 981 1754 996 1831; x_wconf 91' lang='lat'><em>(</em></span> <span class='ocrx_word' id='word_1_55' title='bbox 999 1750 1189 1836; x_wconf 74' lang='grc' dir='ltr'>Ἀφροδίτη).</span> 
     </span>
    </p>

    <p class='ocr_par' dir='ltr' id='par_1_5' title="bbox 233 1869 1406 2567">
     <span class='ocr_line' id='line_1_9' title="bbox 279 1869 1406 1959; baseline 0 -20"><span class='ocrx_word' id='word_1_56' title='bbox 279 1872 357 1939; x_wconf 88' lang='lat' dir='ltr'>Tac.</span> <span class='ocrx_word' id='word_1_57' title='bbox 395 1871 482 1939; x_wconf 90' lang='lat' dir='ltr'>Hist.</span> <span class='ocrx_word' id='word_1_58' title='bbox 518 1870 551 1937; x_wconf 93' lang='grc' dir='ltr'>ΙΙ</span> <span class='ocrx_word' id='word_1_59' title='bbox 586 1870 618 1938; x_wconf 80' lang='lat'>2.</span> <span class='ocrx_word' id='word_1_60' title='bbox 655 1870 771 1959; x_wconf 83' lang='lat' dir='ltr'><strong>Atque</strong></span> <span class='ocrx_word' id='word_1_61' title='bbox 802 1870 902 1939; x_wconf 91' lang='lat' dir='ltr'>illum</span> <span class='ocrx_word' id='word_1_62' title='bbox 934 1869 1060 1958; x_wconf 91' lang='lat' dir='ltr'>cupido</span> <span class='ocrx_word' id='word_1_63' title='bbox 1089 1870 1230 1939; x_wconf 78' lang='lat' dir='ltr'>incessit</span> <span class='ocrx_word' id='word_1_64' title='bbox 1254 1871 1406 1939; x_wconf 88' lang='lat' dir='ltr'>adeundi</span> 
     </span>
     <span class='ocr_line' id='line_1_10' title="bbox 234 1994 1405 2084; baseline 0.001 -22"><span class='ocrx_word' id='word_1_65' title='bbox 234 1996 437 2084; x_wconf 88' lang='lat' dir='ltr'>visendique</span> <span class='ocrx_word' id='word_1_66' title='bbox 466 1995 638 2084; x_wconf 91' lang='lat' dir='ltr'>templum</span> <span class='ocrx_word' id='word_1_67' title='bbox 670 1995 824 2084; x_wconf 77' lang='lat' dir='ltr'>Paphiae</span> <span class='ocrx_word' id='word_1_68' title='bbox 848 1995 1013 2076; x_wconf 87' lang='lat' dir='ltr'>Veneris,</span> <span class='ocrx_word' id='word_1_69' title='bbox 1038 1994 1201 2063; x_wconf 87' lang='lat' dir='ltr'>inclitum</span> <span class='ocrx_word' id='word_1_70' title='bbox 1224 2017 1288 2083; x_wconf 89' lang='lat' dir='ltr'>per</span> <span class='ocrx_word' id='word_1_71' title='bbox 1311 1996 1405 2064; x_wconf 89' lang='lat' dir='ltr'>indi-</span> 
     </span>
     <span class='ocr_line' id='line_1_11' title="bbox 234 2112 1406 2209; baseline 0.003 -23"><span class='ocrx_word' id='word_1_72' title='bbox 234 2140 339 2207; x_wconf 82' lang='lat' dir='ltr'>genas</span> <span class='ocrx_word' id='word_1_73' title='bbox 370 2119 603 2209; x_wconf 78' lang='lat' dir='ltr'>advenasque</span> <span class='ocrx_word' id='word_1_74' title='bbox 636 2119 738 2187; x_wconf 89' lang='lat' dir='ltr'>Haud</span> <span class='ocrx_word' id='word_1_75' title='bbox 768 2120 875 2187; x_wconf 88' lang='lat' dir='ltr'>fuerit</span> <span class='ocrx_word' id='word_1_76' title='bbox 904 2118 1049 2206; x_wconf 79' lang='lat' dir='ltr'>longum</span> <span class='ocrx_word' id='word_1_77' title='bbox 1079 2118 1180 2186; x_wconf 83' lang='lat' dir='ltr'>initia</span> <span class='ocrx_word' id='word_1_78' title='bbox 1211 2112 1406 2208; x_wconf 82' lang='lat' dir='ltr'>religionis,</span> 
     </span>
     <span class='ocr_line' id='line_1_12' title="bbox 233 2242 1406 2333; baseline 0 -22"><span class='ocrx_word' id='word_1_79' title='bbox 233 2243 355 2332; x_wconf 88' lang='lat' dir='ltr'>templi</span> <span class='ocrx_word' id='word_1_80' title='bbox 377 2244 503 2327; x_wconf 85' lang='lat' dir='ltr'>situm,</span> <span class='ocrx_word' id='word_1_81' title='bbox 523 2243 671 2310; x_wconf 84' lang='lat' dir='ltr'>formam</span> <span class='ocrx_word' id='word_1_82' title='bbox 697 2243 782 2310; x_wconf 86' lang='lat' dir='ltr'>deae</span> <span class='ocrx_word' id='word_1_83' title='bbox 803 2244 1046 2332; x_wconf 87' lang='lat' dir='ltr'>(nequeenim</span> <span class='ocrx_word' id='word_1_84' title='bbox 1067 2242 1148 2309; x_wconf 92' lang='lat' dir='ltr'>alibi</span> <span class='ocrx_word' id='word_1_85' title='bbox 1170 2243 1219 2310; x_wconf 88' lang='lat' dir='ltr'>sic</span> <span class='ocrx_word' id='word_1_86' title='bbox 1240 2243 1406 2333; x_wconf 85' lang='lat' dir='ltr'>habetur)</span> 
     </span>
     <span class='ocr_line' id='line_1_13' title="bbox 233 2366 1406 2456; baseline 0 -22"><span class='ocrx_word' id='word_1_87' title='bbox 233 2367 353 2456; x_wconf 83' lang='lat' dir='ltr'>paucis</span> <span class='ocrx_word' id='word_1_88' title='bbox 377 2366 567 2435; x_wconf 89' lang='lat' dir='ltr'>disserere.</span> <span class='ocrx_word' id='word_1_89' title='bbox 581 2415 591 2437; x_wconf 86' lang='lat'><strong>.</strong></span> <span class='ocrx_word' id='word_1_90' title='bbox 605 2417 634 2436; x_wconf 87' lang='lat'>..</span> <span class='ocrx_word' id='word_1_91' title='bbox 656 2367 890 2436; x_wconf 86' lang='lat' dir='ltr'>Simulacrum</span> <span class='ocrx_word' id='word_1_92' title='bbox 911 2367 996 2435; x_wconf 90' lang='lat' dir='ltr'>deae</span> <span class='ocrx_word' id='word_1_93' title='bbox 1016 2387 1086 2434; x_wconf 86' lang='lat' dir='ltr'>nou</span> <span class='ocrx_word' id='word_1_94' title='bbox 1106 2366 1220 2456; x_wconf 79' lang='lat' dir='ltr'>effigie</span> <span class='ocrx_word' id='word_1_95' title='bbox 1240 2367 1406 2451; x_wconf 88' lang='lat' dir='ltr'>humana,</span> 
     </span>
     <span class='ocr_line' id='line_1_14' title="bbox 235 2489 1406 2567; baseline 0.003 -11"><span class='ocrx_word' id='word_1_96' title='bbox 235 2489 421 2559; x_wconf 87' lang='lat' dir='ltr'>continuus</span> <span class='ocrx_word' id='word_1_97' title='bbox 453 2492 546 2567; x_wconf 87' lang='lat' dir='ltr'>orbis</span> <span class='ocrx_word' id='word_1_98' title='bbox 577 2491 700 2560; x_wconf 85' lang='lat' dir='ltr'>latiore</span> <span class='ocrx_word' id='word_1_99' title='bbox 730 2493 831 2560; x_wconf 80' lang='lat' dir='ltr'>initio</span> <span class='ocrx_word' id='word_1_100' title='bbox 861 2497 1005 2560; x_wconf 86' lang='lat' dir='ltr'>tenuem</span> <span class='ocrx_word' id='word_1_101' title='bbox 1034 2492 1071 2559; x_wconf 92' lang='lat' dir='ltr'>in</span> <span class='ocrx_word' id='word_1_102' title='bbox 1095 2491 1267 2560; x_wconf 87' lang='lat' dir='ltr'>ambitum</span> <span class='ocrx_word' id='word_1_103' title='bbox 1292 2496 1406 2560; x_wconf 87' lang='lat' dir='ltr'>metae</span> 
     </span>
    </p>
   </div>
   <div class='ocr_carea' id='block_1_5' title="bbox 234 2615 1407 2957">
    <p class='ocr_par' dir='ltr' id='par_1_6' title="bbox 234 2615 1407 2957">
     <span class='ocr_line' id='line_1_15' title="bbox 236 2615 1229 2706; baseline 0.01 -25"><span class='ocrx_word' id='word_1_104' title='bbox 236 2615 336 2684; x_wconf 90' lang='lat' dir='ltr'>modo</span> <span class='ocrx_word' id='word_1_105' title='bbox 362 2636 569 2706; x_wconf 81' lang='lat' dir='ltr'>exsurgens3</span> <span class='ocrx_word' id='word_1_106' title='bbox 594 2622 629 2686; x_wconf 91' lang='lat' dir='ltr'>ct</span> <span class='ocrx_word' id='word_1_107' title='bbox 653 2618 742 2686; x_wconf 86' lang='lat' dir='ltr'>ratio</span> <span class='ocrx_word' id='word_1_108' title='bbox 765 2619 802 2685; x_wconf 92' lang='lat' dir='ltr'>iu</span> <span class='ocrx_word' id='word_1_109' title='bbox 827 2618 985 2686; x_wconf 87' lang='lat' dir='ltr'>obscuro.</span> <span class='ocrx_word' id='word_1_110' title='bbox 1227 2688 1229 2691; x_wconf 83' lang='grc'><em>,</em></span> 
     </span>
     <span class='ocr_line' id='line_1_16' title="bbox 279 2727 1407 2832; baseline 0.003 -24"><span class='ocrx_word' id='word_1_111' title='bbox 279 2740 420 2808; x_wconf 83' lang='lat' dir='ltr'>Maxim.</span> <span class='ocrx_word' id='word_1_112' title='bbox 458 2743 538 2831; x_wconf 84' lang='lat' dir='ltr'>Tyr.</span> <span class='ocrx_word' id='word_1_113' title='bbox 578 2742 661 2811; x_wconf 86' lang='lat' dir='ltr'>Diss.</span> <span class='ocrx_word' id='word_1_114' title='bbox 696 2742 778 2810; x_wconf 88' lang='lat' dir='ltr'>VIII</span> <span class='ocrx_word' id='word_1_115' title='bbox 803 2742 834 2810; x_wconf 83' lang='grc'>8.</span> <span class='ocrx_word' id='word_1_116' title='bbox 866 2748 1011 2828; x_wconf 77' lang='grc' dir='ltr'><strong><em>Παφίοις</em></strong></span> <span class='ocrx_word' id='word_1_117' title='bbox 1034 2751 1054 2827; x_wconf 74' lang='grc' dir='ltr'><strong><em>ἡ</em></strong></span> <span class='ocrx_word' id='word_1_118' title='bbox 1075 2751 1137 2827; x_wconf 79' lang='grc' dir='ltr'>μὲν</span> <span class='ocrx_word' id='word_1_119' title='bbox 1160 2747 1329 2832; x_wconf 77' lang='grc' dir='ltr'>Ἀφροδίτη</span> <span class='ocrx_word' id='word_1_120' title='bbox 1352 2727 1407 2825; x_wconf 79' lang='grc' dir='ltr'>ιὰς</span> 
     </span>
     <span class='ocr_line' id='line_1_17' title="bbox 234 2872 1407 2957; baseline 0.005 -25"><span class='ocrx_word' id='word_1_121' title='bbox 234 2876 325 2950; x_wconf 78' lang='grc' dir='ltr'><strong><em>τιμὰς</em></strong></span> <span class='ocrx_word' id='word_1_122' title='bbox 347 2873 423 2953; x_wconf 73' lang='grc' dir='ltr'><strong><em>ἔχει’</em></strong></span> <span class='ocrx_word' id='word_1_123' title='bbox 449 2877 483 2934; x_wconf 77' lang='lat' dir='ltr'>cd</span> <span class='ocrx_word' id='word_1_124' title='bbox 507 2872 541 2934; x_wconf 78' lang='grc' dir='ltr'>δὲ</span> <span class='ocrx_word' id='word_1_125' title='bbox 564 2874 699 2953; x_wconf 75' lang='grc' dir='ltr'><strong><em>ἄγαλμα</em></strong></span> <span class='ocrx_word' id='word_1_126' title='bbox 722 2876 779 2936; x_wconf 83' lang='grc' dir='ltr'>οὐκ</span> <span class='ocrx_word' id='word_1_127' title='bbox 802 2875 844 2935; x_wconf 80' lang='grc' dir='ltr'>ἂν</span> <span class='ocrx_word' id='word_1_128' title='bbox 868 2876 1011 2946; x_wconf 82' lang='grc' dir='ltr'><em>εἰκάσαις</em></span> <span class='ocrx_word' id='word_1_129' title='bbox 1033 2873 1127 2953; x_wconf 75' lang='grc' dir='ltr'><em>ἄλλῳ</em></span> <span class='ocrx_word' id='word_1_130' title='bbox 1150 2895 1191 2953; x_wconf 77' lang='grc' dir='ltr'>τῳ</span> <span class='ocrx_word' id='word_1_131' title='bbox 1210 2876 1231 2952; x_wconf 83' lang='grc' dir='ltr'><em>ἢ</em></span> <span class='ocrx_word' id='word_1_132' title='bbox 1249 2875 1407 2957; x_wconf 75' lang='grc' dir='ltr'><em>πυραμίδι</em></span> 
     </span>
    </p>
   </div>
   <div class='ocr_carea' id='block_1_6' title="bbox 233 2994 1407 4556">
    <p class='ocr_par' dir='ltr' id='par_1_7' title="bbox 233 2994 730 3078">
     <span class='ocr_line' id='line_1_18' title="bbox 233 2994 730 3078; baseline 0 -21"><span class='ocrx_word' id='word_1_133' title='bbox 233 2996 332 3078; x_wconf 77' lang='grc' dir='ltr'><strong><em>λευκῇ</em></strong></span> <span class='ocrx_word' id='word_1_134' title='bbox 339 3043 348 3073; x_wconf 84' lang='grc'><strong><em>,</em></strong></span> <span class='ocrx_word' id='word_1_135' title='bbox 373 2999 393 3075; x_wconf 74' lang='grc' dir='ltr'><strong><em>ἡ</em></strong></span> <span class='ocrx_word' id='word_1_136' title='bbox 417 2994 450 3056; x_wconf 77' lang='grc' dir='ltr'>δὲ</span> <span class='ocrx_word' id='word_1_137' title='bbox 474 2997 536 3078; x_wconf 74' lang='grc' dir='ltr'>ὕλη</span> <span class='ocrx_word' id='word_1_138' title='bbox 560 3001 730 3076; x_wconf 77' lang='grc' dir='ltr'><strong><em>ἀγνοεῖται.</em></strong></span> 
     </span>
    </p>

    <p class='ocr_par' dir='ltr' id='par_1_8' title="bbox 235 3113 1406 3329">
     <span class='ocr_line' id='line_1_19' title="bbox 279 3113 1406 3204; baseline 0.003 -23"><span class='ocrx_word' id='word_1_139' title='bbox 279 3113 374 3182; x_wconf 86' lang='lat' dir='ltr'>Serv.</span> <span class='ocrx_word' id='word_1_140' title='bbox 396 3115 491 3202; x_wconf 81' lang='lat' dir='ltr'>Virg.</span> <span class='ocrx_word' id='word_1_141' title='bbox 513 3115 599 3183; x_wconf 82' lang='lat' dir='ltr'>Aen.</span> <span class='ocrx_word' id='word_1_142' title='bbox 624 3115 639 3182; x_wconf 94' lang='grc' dir='ltr'>Ι</span> <span class='ocrx_word' id='word_1_143' title='bbox 665 3114 740 3184; x_wconf 76' lang='grc'><strong>724.</strong></span> <span class='ocrx_word' id='word_1_144' title='bbox 766 3115 869 3204; x_wconf 84' lang='lat' dir='ltr'>Apud</span> <span class='ocrx_word' id='word_1_145' title='bbox 893 3115 1038 3204; x_wconf 84' lang='lat' dir='ltr'>Cyprios</span> <span class='ocrx_word' id='word_1_146' title='bbox 1062 3117 1179 3184; x_wconf 87' lang='lat' dir='ltr'>Venus</span> <span class='ocrx_word' id='word_1_147' title='bbox 1202 3117 1238 3184; x_wconf 90' lang='lat' dir='ltr'>iu</span> <span class='ocrx_word' id='word_1_148' title='bbox 1263 3116 1406 3186; x_wconf 89' lang='lat' dir='ltr'>modum</span> 
     </span>
     <span class='ocr_line' id='line_1_20' title="bbox 235 3238 1182 3329; baseline 0.003 -23"><span class='ocrx_word' id='word_1_149' title='bbox 235 3238 390 3307; x_wconf 89' lang='lat' dir='ltr'>umbilici</span> <span class='ocrx_word' id='word_1_150' title='bbox 413 3239 486 3323; x_wconf 88' lang='lat' dir='ltr'>vel,</span> <span class='ocrx_word' id='word_1_151' title='bbox 510 3245 550 3308; x_wconf 88' lang='lat' dir='ltr'>ut</span> <span class='ocrx_word' id='word_1_152' title='bbox 573 3240 719 3329; x_wconf 90' lang='lat' dir='ltr'>quidam</span> <span class='ocrx_word' id='word_1_153' title='bbox 743 3240 882 3326; x_wconf 83' lang='lat' dir='ltr'>volunt,</span> <span class='ocrx_word' id='word_1_154' title='bbox 909 3246 1022 3309; x_wconf 88' lang='lat' dir='ltr'>metae</span> <span class='ocrx_word' id='word_1_155' title='bbox 1047 3240 1182 3309; x_wconf 87' lang='lat' dir='ltr'>colitur.</span> 
     </span>
    </p>

    <p class='ocr_par' dir='ltr' id='par_1_9' title="bbox 233 3363 1407 3699">
     <span class='ocr_line' id='line_1_21' title="bbox 279 3363 1407 3456; baseline 0.006 -27"><span class='ocrx_word' id='word_1_156' title='bbox 279 3363 440 3432; x_wconf 74' lang='lat' dir='ltr'>philostr.</span> <span class='ocrx_word' id='word_1_157' title='bbox 465 3365 534 3432; x_wconf 80' lang='lat' dir='ltr'>Vit.</span> <span class='ocrx_word' id='word_1_158' title='bbox 560 3365 672 3453; x_wconf 76' lang='lat' dir='ltr'>Apoll.</span> <span class='ocrx_word' id='word_1_159' title='bbox 698 3364 748 3432; x_wconf 91' lang='lat' dir='ltr'>III</span> <span class='ocrx_word' id='word_1_160' title='bbox 772 3364 836 3432; x_wconf 84' lang='lat'>58.</span> <span class='ocrx_word' id='word_1_161' title='bbox 853 3417 859 3432; x_wconf 92' lang='lat'>.</span> <span class='ocrx_word' id='word_1_162' title='bbox 876 3415 904 3430; x_wconf 89' lang='lat'>..</span> <span class='ocrx_word' id='word_1_163' title='bbox 934 3373 1158 3456; x_wconf 80' lang='grc' dir='ltr'><strong><em>προσπλεῦσαι</em></strong></span> <span class='ocrx_word' id='word_1_164' title='bbox 1180 3372 1304 3456; x_wconf 80' lang='grc' dir='ltr'><em>Κύπρῳ</em></span> <span class='ocrx_word' id='word_1_165' title='bbox 1326 3380 1407 3436; x_wconf 78' lang='grc' dir='ltr'><strong><em>κατὰ</em></strong></span> 
     </span>
     <span class='ocr_line' id='line_1_22' title="bbox 234 3494 1407 3581; baseline 0.006 -27"><span class='ocrx_word' id='word_1_166' title='bbox 234 3500 289 3573; x_wconf 78' lang='grc' dir='ltr'>τὴν</span> <span class='ocrx_word' id='word_1_167' title='bbox 311 3494 448 3575; x_wconf 80' lang='grc' dir='ltr'><strong><em>Πάφον,</em></strong></span> <span class='ocrx_word' id='word_1_168' title='bbox 474 3500 513 3557; x_wconf 77' lang='grc' dir='ltr'>οὗ</span> <span class='ocrx_word' id='word_1_169' title='bbox 536 3501 569 3558; x_wconf 78' lang='lat' dir='ltr'>cd</span> <span class='ocrx_word' id='word_1_170' title='bbox 592 3504 644 3577; x_wconf 79' lang='grc' dir='ltr'>τῆς</span> <span class='ocrx_word' id='word_1_171' title='bbox 665 3495 850 3580; x_wconf 77' lang='grc' dir='ltr'>Ἀφροδίτης</span> <span class='ocrx_word' id='word_1_172' title='bbox 870 3496 955 3572; x_wconf 75' lang='grc' dir='ltr'><strong><em>ἕδος,</em></strong></span> <span class='ocrx_word' id='word_1_173' title='bbox 977 3499 995 3558; x_wconf 85' lang='grc' dir='ltr'><em>ὃ</em></span> <span class='ocrx_word' id='word_1_174' title='bbox 1015 3497 1218 3577; x_wconf 74' lang='grc' dir='ltr'><strong><em>συμβολικῶς</em></strong></span> <span class='ocrx_word' id='word_1_175' title='bbox 1237 3496 1407 3581; x_wconf 74' lang='grc' dir='ltr'><strong><em>ἱδρυμένον</em></strong></span> 
     </span>
     <span class='ocr_line' id='line_1_23' title="bbox 233 3621 741 3699; baseline 0.006 -18"><span class='ocrx_word' id='word_1_176' title='bbox 233 3621 407 3699; x_wconf 78' lang='grc' dir='ltr'><strong><em>θαυμάσαι</em></strong></span> <span class='ocrx_word' id='word_1_177' title='bbox 430 3625 484 3683; x_wconf 75' lang='grc' dir='ltr'>τὸν</span> <span class='ocrx_word' id='word_1_178' title='bbox 507 3621 741 3684; x_wconf 75' lang='grc' dir='ltr'><strong><em>Ἀπολλώνιον.</em></strong></span> 
     </span>
    </p>

    <p class='ocr_par' dir='ltr' id='par_1_10' title="bbox 234 3737 1407 4556">
     <span class='ocr_line' id='line_1_24' title="bbox 280 3737 1406 3829; baseline 0.002 -25"><span class='ocrx_word' id='word_1_179' title='bbox 280 3737 464 3826; x_wconf 91' lang='lat' dir='ltr'>Templum</span> <span class='ocrx_word' id='word_1_180' title='bbox 508 3744 694 3828; x_wconf 71' lang='grc' dir='ltr'><strong><em>Ἀφροδιτης</em></strong></span> <span class='ocrx_word' id='word_1_181' title='bbox 735 3745 871 3826; x_wconf 74' lang='grc' dir='ltr'><strong><em>Παφίας</em></strong></span> <span class='ocrx_word' id='word_1_182' title='bbox 911 3759 1077 3827; x_wconf 88' lang='lat' dir='ltr'>persaepe</span> <span class='ocrx_word' id='word_1_183' title='bbox 1119 3740 1157 3806; x_wconf 90' lang='lat' dir='ltr'>in</span> <span class='ocrx_word' id='word_1_184' title='bbox 1197 3739 1406 3829; x_wconf 86' lang='lat' dir='ltr'>Cypriorum</span> 
     </span>
     <span class='ocr_line' id='line_1_25' title="bbox 235 3862 1406 3953; baseline 0.003 -24"><span class='ocrx_word' id='word_1_185' title='bbox 235 3862 389 3930; x_wconf 89' lang='lat' dir='ltr'>nummis</span> <span class='ocrx_word' id='word_1_186' title='bbox 432 3863 655 3951; x_wconf 81' lang='lat' dir='ltr'>conspicitur.</span> <span class='ocrx_word' id='word_1_187' title='bbox 694 3863 736 3930; x_wconf 90' lang='lat' dir='ltr'>ln</span> <span class='ocrx_word' id='word_1_188' title='bbox 770 3864 885 3931; x_wconf 90' lang='lat' dir='ltr'>medio</span> <span class='ocrx_word' id='word_1_189' title='bbox 919 3863 1050 3953; x_wconf 90' lang='lat' dir='ltr'>templo</span> <span class='ocrx_word' id='word_1_190' title='bbox 1085 3884 1210 3931; x_wconf 90' lang='lat' dir='ltr'>conum</span> <span class='ocrx_word' id='word_1_191' title='bbox 1247 3864 1406 3933; x_wconf 92' lang='lat' dir='ltr'>divinum</span> 
     </span>
     <span class='ocr_line' id='line_1_26' title="bbox 236 3986 1406 4075; baseline 0.003 -22"><span class='ocrx_word' id='word_1_192' title='bbox 236 3986 412 4069; x_wconf 86' lang='lat' dir='ltr'>videmus,</span> <span class='ocrx_word' id='word_1_193' title='bbox 449 3992 484 4055; x_wconf 86' lang='lat' dir='ltr'>et</span> <span class='ocrx_word' id='word_1_194' title='bbox 519 3987 698 4075; x_wconf 90' lang='lat' dir='ltr'>utrimque</span> <span class='ocrx_word' id='word_1_195' title='bbox 733 3987 828 4054; x_wconf 89' lang='lat' dir='ltr'>aedis</span> <span class='ocrx_word' id='word_1_196' title='bbox 864 3988 1019 4075; x_wconf 88' lang='lat' dir='ltr'>porticus</span> <span class='ocrx_word' id='word_1_197' title='bbox 1055 3993 1232 4055; x_wconf 84' lang='lat' dir='ltr'>exstructa</span> <span class='ocrx_word' id='word_1_198' title='bbox 1268 3992 1338 4073; x_wconf 88' lang='lat' dir='ltr'>est,</span> <span class='ocrx_word' id='word_1_199' title='bbox 1370 3991 1406 4057; x_wconf 90' lang='lat' dir='ltr'>iu</span> 
     </span>
     <span class='ocr_line' id='line_1_27' title="bbox 235 4110 1407 4203; baseline 0.003 -25"><span class='ocrx_word' id='word_1_200' title='bbox 235 4133 305 4199; x_wconf 92' lang='lat' dir='ltr'>qua</span> <span class='ocrx_word' id='word_1_201' title='bbox 339 4113 607 4201; x_wconf 82' lang='lat' dir='ltr'>thymiaterium</span> <span class='ocrx_word' id='word_1_202' title='bbox 642 4116 730 4195; x_wconf 80' lang='lat' dir='ltr'>stat3</span> <span class='ocrx_word' id='word_1_203' title='bbox 767 4110 929 4178; x_wconf 88' lang='lat' dir='ltr'>columba</span> <span class='ocrx_word' id='word_1_204' title='bbox 963 4112 1001 4178; x_wconf 93' lang='lat' dir='ltr'>in</span> <span class='ocrx_word' id='word_1_205' title='bbox 1037 4112 1220 4201; x_wconf 88' lang='lat' dir='ltr'>utriusque</span> <span class='ocrx_word' id='word_1_206' title='bbox 1252 4114 1407 4203; x_wconf 88' lang='lat' dir='ltr'>porticus</span> 
     </span>
     <span class='ocr_line' id='line_1_28' title="bbox 234 4234 1407 4325; baseline 0.003 -22"><span class='ocrx_word' id='word_1_207' title='bbox 234 4240 326 4304; x_wconf 89' lang='lat' dir='ltr'>tecto</span> <span class='ocrx_word' id='word_1_208' title='bbox 366 4237 472 4304; x_wconf 90' lang='lat' dir='ltr'>sedet.</span> <span class='ocrx_word' id='word_1_209' title='bbox 508 4236 622 4325; x_wconf 86' lang='lat' dir='ltr'>Supra</span> <span class='ocrx_word' id='word_1_210' title='bbox 657 4235 808 4304; x_wconf 87' lang='lat' dir='ltr'>mediam</span> <span class='ocrx_word' id='word_1_211' title='bbox 828 4234 994 4303; x_wconf 35' lang='lat' dir='ltr'>‘aedilicii</span> <span class='ocrx_word' id='word_1_212' title='bbox 1029 4241 1165 4324; x_wconf 86' lang='lat' dir='ltr'>partem</span> <span class='ocrx_word' id='word_1_213' title='bbox 1201 4243 1333 4306; x_wconf 88' lang='lat' dir='ltr'>astrum</span> <span class='ocrx_word' id='word_1_214' title='bbox 1369 4240 1407 4306; x_wconf 87' lang='lat' dir='ltr'>iu</span> 
     </span>
     <span class='ocr_line' id='line_1_29' title="bbox 234 4358 1406 4449; baseline 0.004 -24"><span class='ocrx_word' id='word_1_215' title='bbox 234 4358 317 4426; x_wconf 90' lang='lat' dir='ltr'>luna</span> <span class='ocrx_word' id='word_1_216' title='bbox 354 4360 499 4427; x_wconf 87' lang='lat' dir='ltr'>dimidia</span> <span class='ocrx_word' id='word_1_217' title='bbox 533 4360 686 4449; x_wconf 85' lang='lat' dir='ltr'>positum</span> <span class='ocrx_word' id='word_1_218' title='bbox 718 4360 949 4448; x_wconf 82' lang='lat' dir='ltr'>conspicitur3</span> <span class='ocrx_word' id='word_1_219' title='bbox 982 4366 1063 4427; x_wconf 87' lang='lat' dir='ltr'>autc</span> <span class='ocrx_word' id='word_1_220' title='bbox 1093 4361 1263 4449; x_wconf 87' lang='lat' dir='ltr'>templum</span> <span class='ocrx_word' id='word_1_221' title='bbox 1288 4382 1406 4430; x_wconf 80' lang='lat' dir='ltr'>amam</span> 
     </span>
     <span class='ocr_line' id='line_1_30' title="bbox 235 4484 1407 4556; baseline 0 -2"><span class='ocrx_word' id='word_1_222' title='bbox 235 4485 525 4556; x_wconf 88' lang='lat' dir='ltr'>semicirculatam</span> <span class='ocrx_word' id='word_1_223' title='bbox 550 4486 624 4556; x_wconf 90' lang='lat' dir='ltr'>sive</span> <span class='ocrx_word' id='word_1_224' title='bbox 648 4485 763 4555; x_wconf 89' lang='lat' dir='ltr'>lacum</span> <span class='ocrx_word' id='word_1_225' title='bbox 788 4485 974 4553; x_wconf 86' lang='lat' dir='ltr'>ceruimus.</span> <span class='ocrx_word' id='word_1_226' title='bbox 999 4485 1075 4552; x_wconf 91' lang='lat' dir='ltr'>Non</span> <span class='ocrx_word' id='word_1_227' title='bbox 1099 4484 1332 4555; x_wconf 88' lang='lat' dir='ltr'>dubitandum</span> <span class='ocrx_word' id='word_1_228' title='bbox 1351 4490 1407 4554; x_wconf 90' lang='lat' dir='ltr'>est</span> 
     </span>
    </p>
   </div>
   <div class='ocr_carea' id='block_1_7' title="bbox 0 0 1727 5175">
    <p class='ocr_par' dir='ltr' id='par_1_11' title="bbox 0 0 1727 5175">
     <span class='ocr_line' id='line_1_31' title="bbox 0 0 1727 5175; baseline 0 0"><span class='ocrx_word' id='word_1_229' title='bbox 0 0 1727 5175; x_wconf 95' lang='lat' dir='ltr'> </span> 
     </span>
    </p>
   </div>
  </div>
 </body>
</html>
