3442 5175
857 382 925 450 134

306 587 368 661 μὲν
395 590 452 662 τῆν
485 583 697 663 Τελχινιακὴν
717 586 859 664 ίστορίαν
883 584 1023 658 συνθείς,
1048 580 1101 643 εἴτ’
1125 580 1330 674 Ἐπιμενίδης
1354 587 1438 646 ἐστίν
1461 588 1479 645 6

262 738 267 745 ’
308 707 406 789 Κρῆς,
432 711 453 787 ῆ
478 705 696 787 Τηλεκλείδης,
724 703 777 768 εἴτ’
802 708 906 780 ἄλλος
928 729 981 783 τις,
1007 712 1111 791 ίερούς
1134 729 1231 789 φησιν
1254 714 1338 770 είναι
1361 710 1481 789 ίχθύας

309 832 462 912 δελφῖνας
491 839 545 894 καί
576 831 768 911 πομπίλους.
802 834 867 893 ἔστι
891 828 939 893 δ’ὁ
963 834 1127 911 πομπίλος
1149 834 1235 912 ζῷον
1257 836 1414 915 έρωτικὸν,
1439 837 1481 905 ὡς

308 960 351 1017 ἂν
369 964 423 1019 καί
443 960 537 1030 αύτὸς
555 962 690 1037 γεγονὼς
709 959 744 1018 ἐκ
764 962 819 1018 τού
840 960 995 1038 οὐρανίου
1015 962 1149 1036 αίματος
1166 961 1237 1035 ἁμα
1252 965 1288 1039 τῆ
1300 957 1478 1041 Ἀφροδίτη.

186 1144 192 1158 ‚
309 1078 489 1163 Νίκανδρος
511 1077 575 1141 δ’ἐν
598 1079 731 1163 δευτέρῳ
756 1079 910 1141 Οίιαίκῶν
933 1099 1018 1159 φησι·

463 1203 646 1283 Πομπίλος,
672 1207 707 1278 ὃς
729 1207 882 1287 ναύτῃσιν
905 1203 1120 1285 ἀδημονέουσι
1142 1205 1319 1280 κελεύθους

463 1330 609 1407 μηνύσας
630 1328 795 1410 φιλέρωσι,
819 1335 874 1390 καί
899 1330 1065 1408 ἄφθογγός
1088 1352 1148 1413 περ
1170 1333 1312 1409 ἀμύνων.

354 1445 566 1534 Ἀλέξανδρος
587 1447 636 1513 δ’ὁ
658 1451 800 1524 Αἰτωλὸς
823 1454 858 1513 ἐν
881 1450 998 1535 Κρίκᾳ,
1023 1456 1052 1513 εί
1074 1457 1205 1533 γνήσιον
1225 1459 1258 1515 τὸ
1277 1459 1480 1536 ποιημάτιον,

442 1574 602 1656 Πηδαλίῳ
625 1578 713 1659 ἄκρῳ
735 1577 788 1636 ἔπι
811 1576 976 1654 πομπίλος
998 1578 1175 1657 ἁνιόχευεν,

444 1704 488 1772 είς
510 1706 549 1761 τὰ
570 1703 654 1763 κάτω
676 1703 854 1763 κατόπισθε
877 1702 968 1773 θεοῖς
991 1703 1053 1761 ύπο
1077 1703 1241 1780 πομπίλος
1264 1705 1368 1784 ἰχθύς.

354 1822 545 1905 Παγκράτης
575 1820 623 1884 δ’ὁ
646 1821 755 1906 Ἀρκὰς
777 1827 813 1885 ἐν
836 1831 900 1896 τοῖς
924 1824 1122 1897 θαλασσίοις
1144 1825 1246 1907 ἔργοις
1268 1828 1480 1908 ἐπιγραφομέ-

309 1967 377 2019 νοις
399 1951 561 2029 προειπὼν

465 2070 648 2151 Πομπίλος,
673 2074 710 2133 δν
731 2072 906 2134 καλέουσιν
929 2071 1086 2133 ἁλίπλοοι
1111 2077 1198 2153 ίερδν
1220 2074 1328 2154 ἰχθύν·

312 2194 463 2274 διηγεῖται
487 2197 528 2267 ὡς
551 2197 590 2256 σύ
611 2198 714 2274 μόνον
737 2201 778 2274 τῷ
801 2195 983 2257 Ποσειδῶνι
1004 2198 1021 2256 6
1041 2195 1205 2274 πομπίλος
1223 2199 1288 2258 ἐστί
1308 2195 1363 2258 διὰ
1383 2207 1480 2278 τιμῆς,

311 2315 388 2380 ἀλλ’
413 2323 460 2380 ὅτι
482 2325 537 2380 καί
560 2327 623 2392 τοῖς
645 2325 700 2398 τῆν
722 2320 947 2403 Σαμοθρᾴκην
969 2323 1138 2402 κατέχουσι
1161 2322 1260 2394 θεοῖς.
1285 2321 1383 2383 ἁλιέα
1405 2328 1483 2402 γοῦν

311 2463 382 2503 τινα
404 2444 583 2524 πρεσβύτην
606 2449 647 2522 τῷ
668 2445 761 2523 ίχθύῖ
780 2448 877 2523 τούτῳ
896 2445 1033 2505 κόλασιν
1053 2447 1207 2525 ύποσχεῖν
1226 2446 1270 2506 ἔτι
1287 2451 1342 2506 τοῦ
1360 2454 1483 2529 χρυσοῦ

311 2570 420 2648 γένους
450 2567 518 2629 κατ’
549 2569 742 2650 ἀνθρώπους
772 2571 870 2641 ὄντος.
902 2569 1007 2646 ὄνομα
1038 2564 1107 2648 δ’ῆν
1131 2570 1215 2648 αύτῷ
1239 2565 1406 2643 Ἐπωπεύς
1428 2578 1482 2632 καί

311 2697 344 2770 ἐξ
367 2690 497 2776 Ἰκάρου
521 2696 560 2771 ῆν
583 2700 634 2771 τῆς
656 2696 764 2771 νῆσου.
789 2698 844 2755 καί
868 2697 978 2754 τοῦτον
1001 2695 1059 2754 οὖν
1078 2696 1149 2772 άμα
1169 2698 1211 2772 τῷ
1231 2697 1290 2771 υίῷ
1310 2694 1483 2755 ἁλιεύοντα

310 2825 365 2879 καί
389 2821 447 2879 οὐκ
469 2820 686 2898 εὐτυχήσαντα
704 2818 818 2879 ἄλλων
835 2818 962 2898 ἰχθύων
981 2819 1016 2877 έν
1036 2824 1071 2895 τῆ
1090 2819 1173 2899 άγρςι
1193 2820 1214 2895 ῆ
1232 2818 1407 2896 πομπίλων
1425 2821 1484 2879 ούκ

311 2942 517 3022 ἀποσχέσθαι
553 2948 603 3021 τῆς
638 2943 754 3003 τούτων
788 2939 914 3018 ἐδωδῆς,
946 2941 1036 3000 άλλὰ
1066 2943 1187 3012 πάντας
1215 2945 1296 3017 μετὰ
1326 2946 1381 3001 τοῦ
1410 2944 1483 3002 υίού

311 3066 592 3145 καταθοινηθῆναι
619 3070 673 3125 καί
696 3064 763 3143 μετ’
787 3067 826 3125 ού
849 3064 936 3124 πολύ
955 3062 1044 3136 δίκας
1068 3066 1187 3124 ἐκτῖσαι
1211 3071 1263 3142 τῆς
1286 3062 1482 3142 δυσσεβείας·

311 3195 402 3267 κῆτος
435 3193 496 3271 γὰρ
530 3188 674 3248 ἐπελθόν
705 3195 741 3267 τῆ
770 3193 823 3268 νηί
853 3191 907 3247 τὸν
937 3183 1090 3248 Ἐπωπέα
1121 3189 1157 3247 ἐν
1187 3190 1262 3262 ὄψει
1293 3192 1347 3248 τού
1369 3188 1484 3260 παιδὸς

311 3320 487 3373 καταπιεῖν.
532 3317 649 3393 ίστορεί
689 3309 738 3372 δ’ὁ
772 3311 963 3393 Παγκράτης
995 3315 1037 3383 ὡς
1069 3318 1124 3372 καί
1158 3312 1313 3389 πολέμιός
1347 3313 1431 3373 ἐστιν
1466 3314 1484 3372 6

312 3439 475 3517 πομπίλος
509 3442 550 3515 τῷ
585 3435 711 3516 δελφῖνι
745 3443 799 3498 καί
834 3439 881 3497 ὅτι
912 3434 980 3495 οὐδ’
1012 3438 1102 3507 οὗτος
1125 3438 1319 3518 ἀτιμώρητος
1340 3437 1485 3514 ἐκφεύγει

313 3560 480 3639 πομπίλου
510 3562 622 3641 φαγών
636 3607 729 3619 .....
755 3561 950 3639 μνημονεύει
982 3564 1043 3620 τῶν
1073 3559 1247 3637 πομπίλων
1269 3565 1324 3620 καί
1350 3559 1483 3640 Τιμαχί-

313 3687 370 3759 δας
393 3689 411 3749 ὁ
433 3684 549 3757 Ρόδιος
571 3687 607 3745 έν
630 3690 671 3763 τῷ
694 3687 795 3763 ἐνάτῳ
818 3691 873 3744 τού
896 3684 1040 3746 Δείπνου

501 3809 628 3887 Κωβιοί
658 3809 796 3869 εἰνάλιοι
826 3815 882 3869 καί
903 3810 1063 3886 πομπίλοι
1087 3813 1167 3891 ίεροί
1190 3810 1294 3888 ίχθύς.

358 3934 500 4015 Ἤριννά
519 3955 560 4009 τε,
579 3935 600 4010 ῆ
620 3934 638 3992 6
656 3936 836 4012 πεποιηκὼς
855 3936 889 3993 τὸ
909 3936 953 4004 είς
973 3935 1071 4010 αύτῆν
1091 3933 1333 4013 ἀναφερόμενον
1345 3933 1484 4010 ποιημά-

313 4082 396 4134 τιον,

446 4182 618 4263 Πομπίλε,
643 4185 795 4265 ναύτησιν
817 4183 953 4260 πέμπων
975 4182 1080 4242 πλόον
1103 4180 1243 4242 εὔπλοον
1267 4182 1362 4262 ίχθύ,

399 4345 403 4352 ·
447 4311 649 4386 πομπεύσαις
671 4307 864 4388 πρύμναθεν
887 4308 969 4384 ἐμὰν
992 4304 1105 4366 ἁδεῖαν
1128 4308 1265 4387 ἑταίραν.

359 4425 412 4496 19.
448 4432 670 4507 Ἀπολλώνιος
693 4429 721 4491 δ’
745 4433 763 4491 6
786 4429 912 4502 Ῥόδιος
934 4433 954 4509 ῆ
977 4428 1194 4511 Ναυκρατίτης
1215 4431 1250 4491 ἐν
1273 4429 1486 4513 Ναυκράτεως
1540 4468 1543 4474 -
