3442 5175
247 589 387 672 Ὀρέστην
415 592 588 668 γενόμενον
614 590 766 670 λέγουσιν
796 592 854 651 ἕνα
885 597 937 669 τῆς
966 591 1072 672 ἑτέρας
1102 596 1163 651 τῶν
1193 596 1309 673 χειρῶν
1333 595 1412 653 ἀπο-

244 720 356 791 φαγεῖν
380 712 547 775 δάκτυλον.

285 829 334 897 uf.
369 829 412 898 de
435 830 609 921 lapidibus
633 831 676 898 ad
700 830 859 899 Orestem
884 831 1140 920 pertinentibus
1163 830 1208 920 §§
1231 829 1276 897 47
1300 837 1335 899 et
1357 830 1411 898 48.

285 1077 302 1166 ξ
321 1076 374 1144 69.
398 1077 486 1168 [16].
511 1079 704 1165 Potniis‚
726 1079 763 1145 in
783 1079 948 1167 oppidulo
961 1079 1123 1147 Boeotiae
1136 1079 1412 1167 (Amphiaraus).

285 1201 387 1269 Palis·
411 1201 477 1284 IX,
501 1200 541 1285 8,
565 1202 596 1271 3.
624 1209 680 1271 Ἐκ
704 1207 738 1270 δὲ
760 1217 822 1272 τῶν
843 1210 993 1272 Ποτνιῶν
1017 1215 1122 1273 ἰοῦσιν
1145 1214 1176 1283 ἐς
1200 1209 1308 1290 Θήβας
1327 1214 1412 1272 ἔστιν

241 1334 275 1392 ἐν
308 1331 397 1415 δεξιᾷ
430 1335 603 1416 περίβολος
636 1343 688 1415 τῆς
723 1335 800 1397 δδοῦ
835 1340 874 1397 οδ
903 1339 1004 1416 μέγας
1033 1344 1088 1397 καί
1117 1340 1220 1409 κίονες
1250 1339 1285 1398 ἐν
1315 1340 1409 1416 αὐτῷ’

241 1454 405 1536 διαστῆναι
437 1455 471 1518 δὲ
504 1459 693 1542 Ἀμφιαράῳ
716 1465 771 1538 τὴν
794 1467 852 1540 γῆν
874 1461 969 1541 ταύτῃ
991 1460 1190 1537 νομίζουσιν,
1215 1460 1412 1539 ἐπιλέγοντες

239 1587 292 1640 καί
323 1580 397 1642 τάδε
419 1583 473 1657 ἔτι,
496 1587 575 1661 μήτε
598 1584 734 1664 ὄρνιθας
758 1586 810 1644 ἐπί
833 1590 895 1644 τῶν
917 1584 1035 1644 κιόνων
1057 1585 1260 1659 καθέζεσθαι
1283 1588 1409 1660 τούτων,

238 1709 315 1783 μήτε
344 1708 431 1767 πόαν
461 1711 516 1784 την
547 1707 690 1768 ἐνταῦθα
718 1710 796 1785 μήτε
827 1710 947 1788 ἥμερον
978 1707 1064 1785 ζῷον
1092 1711 1170 1786 μήτε
1201 1713 1262 1769 τῶν
1291 1710 1411 1790 ἀγρίων

239 1831 405 1907 νέμεσθαι.

239 2124 278 2190 V.
314 2125 365 2191 ne
389 2124 589 2208 lapidibus,
615 2143 764 2206 quorum
787 2125 961 2192 sanctitas
984 2125 1182 2193 alio'modo
1201 2128 1408 2209 apparebat.

282 2320 299 2410 ἕ
323 2319 377 2387 70.
404 2318 470 2410 [1].
497 2320 708 2404 Athenis,
731 2321 768 2387 in
794 2319 986 2408 Areopago,

282 2445 385 2512 Paus.
410 2444 445 2525 I,
467 2443 529 2529 28,
553 2444 585 2510 5.
621 2456 692 2523 τοὺς
715 2450 749 2511 δὲ
773 2454 890 2532 ἀργοὺς
912 2451 1039 2525 λίθους,
1064 2452 1161 2528 ἐφ’ῶν
1184 2452 1313 2512 ἑστᾶσιν
1336 2453 1407 2513 ὅσοι

238 2575 326 2649 δίκας
345 2578 501 2657 δπέχονσι
520 2581 575 2637 καί
592 2580 622 2638 ot
639 2573 812 2652 διῶιιοντες,
826 2580 951 2655 τὸνμὲν
962 2574 1104 2659 Ὕβρεως
1115 2581 1169 2636 τδν
1181 2573 1214 2637 δὲ
1230 2575 1409 2650 Ἀναιδείας

240 2704 343 2764 αὐτῶν
366 2701 574 2780 ὀνομάζουσι.

281 2944 299 3032 ᾖ
323 2942 375 3011 71.
402 2942 468 3033 [2].
495 2941 707 3024 Athenio,
730 2943 768 3009 in
791 2942 876 3010 foro.

280 3068 373 3137 Plut.
397 3067 502 3136 Solon
525 3065 579 3134 ⁶25.
604 3076 715 3134 κοινὸν
736 3077 797 3151 μὲν
820 3075 879 3133 οὖν
903 3074 1029 3151 ῶμνυεν
1052 3073 1148 3153 δρκον
1170 3074 1190 3149 η
1211 3071 1318 3150 βουλὴ
1337 3075 1408 3144 τοὺς

235 3197 387 3271 Σόλωνος
418 3201 537 3277 νόμους
567 3195 773 3276 ἐμπεδώσειν,
805 3196 889 3257 ίδιον
920 3194 1079 3267 δ’δτιαστος
1109 3200 1170 3255 τῶν
1196 3195 1407 3273 θεσμοθετῶν

236 3326 270 3383 ἐν
304 3328 408 3406 ἀγορᾷ
442 3326 521 3405 πρὸς
555 3326 596 3400 τῷ
630 3322 728 3400 λίθῳ,
763 3319 997 3399 καταφατίζων,
1033 3323 1062 3379 εί
1095 3341 1122 3380 τι
1153 3320 1322 3401 παραβαίη
1345 3325 1407 3380 τῶν

235 3448 378 3526 θεσμῶν,
411 3445 585 3529 ἀνδριάντα
609 3450 751 3527 χρυσοῦν
774 3446 978 3527 ἰσομέτρητον
1000 3443 1181 3522 ἀναθήσειν
1203 3446 1238 3503 ἐν
1261 3442 1404 3522 Δελφοῖς.

237 3562 643 3649 mmmmm

562 3865 625 3932 VI.
660 3865 711 3931 Ite
735 3864 925 3933 atroltthis
949 3864 1075 3931 saeris,

228 4046 230 4050 λ
280 4059 374 4150 ἓ72.
401 4058 468 4151 [1].
501 4061 549 4128 De
579 4060 760 4146 aerolithO,
784 4060 828 4127 ad
852 4067 980 4145 Αίγδς
1002 4066 1220 4142 ποταμούς
1243 4056 1287 4123 de
1310 4056 1404 4124 coelo

236 4186 312 4255 dela
337 4207 384 4256 so

279 4207 370 4378 Pllilt.
408 4310 487 4397 Lys.
521 4308 576 4376 i2.
612 4319 643 4376 οί
678 4314 712 4375 δὲ
745 4321 800 4376 καί
834 4320 891 4392 τὴν
924 4319 979 4376 τοῦ
1012 4313 1114 4373 λίθου
1144 4317 1264 4373 πτῶσιν
1287 4313 1338 4372 ἐπί
1362 4316 1403 4389 τῷ

235 4443 336 4503 πάθει
359 4443 456 4520 τούτῳ
480 4432 537 4519 (de
561 4432 828 4501 Atheniensium
855 4431 953 4498 clade
975 4429 1147 4519 loquitur)
1171 4438 1301 4517 σημεῖόν
1323 4453 1403 4514 φασι
