3442 5175
853 391 898 460 84

293 588 538 677 unguebantur
571 596 676 678 atque
706 588 943 656 adorabantur
976 587 1020 655 ab
1054 587 1252 656 hominibus
1286 590 1453 676 supersti-

290 712 405 795 tiosis3
436 734 648 802 quamquam
681 711 856 793 Schmidt,
900 715 939 779 ut
966 709 1035 777 iam
1070 732 1175 800 supra
1210 711 1379 792 diximuS,
1415 733 1457 779 ea

292 856 362 903 non
393 837 578 905 simulacra
608 837 668 905 sed
699 856 777 904 aras
808 835 915 903 habet
956 834 1179 903 Casaubonus
1210 835 1254 902 ad
1283 835 1456 924 Theophr.

293 960 393 1027 Char.
418 959 478 1028 lb:
506 961 690 1050 »Legimus
712 966 847 1049 τριόδοις
871 959 925 1028 vel
948 965 1119 1049 παρόδοις,
1141 964 1180 1027 ut
1201 959 1244 1026 de
1264 959 1307 1027 iis
1329 959 1456 1048 lapidi·

292 1085 358 1153 bus
384 1084 621 1174 intelligamus
644 1085 704 1173 qui
727 1085 764 1152 in
788 1085 854 1152 viis
873 1104 893 1150 a
913 1084 1104 1153 viatoribus
1128 1084 1193 1152 ooli
1215 1084 1389 1168 solebant;
1414 1086 1457 1153 de

291 1209 334 1277 iis
357 1209 505 1298 Sibylla:
539 1217 614 1278 Κάν
636 1215 805 1298 παρόδοισι
829 1215 937 1278 λίθων
961 1219 1162 1296 σνγχώμαοΨ
1188 1222 1284 1277 ταῦτα
1309 1217 1454 1293 σέβεσθε.

292 1334 359 1402 Sed
392 1339 546 1423 praestat
577 1335 691 1423 legere
722 1339 865 1424 ιριόὸοις,
897 1354 979 1400 nam
1010 1332 1105 1401 aliud
1136 1339 1218 1402 sunt
1246 1342 1389 1423 ἕρμσκες,
1413 1332 1457 1399 de

292 1458 419 1546 quibus
448 1457 579 1546 Sibylla
612 1459 686 1526 sine
719 1457 823 1526 dubio
853 1457 1035 1547 intelligit,
1066 1458 1109 1526 ab
1142 1458 1255 1525 unctis
1285 1456 1457 1545 lapidibus

291 1584 352 1672 qui
387 1584 423 1650 in
454 1582 675 1671 proverbium
710 1583 882 1651 abierunt.
918 1582 1087 1650 Dicebant
1120 1584 1212 1651 enim
1244 1582 1286 1649 de
1318 1582 1457 1649 homine
1548 1678 1551 1684 Ι

291 1709 529 1797 superstitioso
566 1717 670 1776 πάνια
699 1714 799 1776 ίίθον
829 1714 970 1796 λιπαρὸν
1002 1721 1192 1796 προσκυνεῖ.1
1218 1706 1323 1775 Clem.
1359 1705 1457 1773 Alex.

292 1831 379 1899 libro
416 1832 563 1919 septimo
595 1831 827 1915 stromatum,
864 1843 894 1900 ot
929 1841 1019 1900 ποιοί
1049 1835 1165 1900 ὄόὗιοι
1194 1843 1261 1899 πᾶν
1283 1838 1382 1913 ξύλον
1403 1842 1457 1897 καί

291 1966 395 2023 πάντα
416 1963 525 2039 λίθον,
550 1967 583 2023 τὸ
606 1961 645 2040 ὀὴ
667 1963 852 2041 λεγόμενον,
876 1963 1016 2045 λιπαρὸν
1035 1958 1316 2044 προσκονοῦνοες.”

336 2082 353 2167 g·
377 2078 429 2145 79.
453 2079 586 2158 Quibus
609 2080 829 2169 opinionibus
853 2085 889 2148 et
908 2081 1116 2168 scriptorum
1136 2080 1362 2167 antiquorum
1375 2080 1457 2148 locis

292 2204 470 2293 perpensis
493 2204 595 2293 plane
619 2204 733 2273 dubiis
756 2204 901 2287 haereo,
926 2203 1010 2292 quid
1030 2204 1072 2271 de
1092 2204 1156 2271 hae
1175 2224 1213 2271 re
1232 2204 1457 2273 statuendum

291 2329 346 2396 sit.
379 2334 520 2418 Ἑρμοῖοι
550 2328 691 2398 Graecis
721 2329 938 2397 venerationi
967 2328 1072 2396 fuisse
1103 2350 1121 2396 e
1150 2328 1301 2417 Sibyllae
1324 2330 1457 2397 verbis:

199 2443 203 2450 ’
292 2466 412 2536 ‚auom
446 2457 603 2539 σέβεσθε”
629 2460 790 2543 apparet,
813 2453 873 2521 sed
900 2458 1019 2520 tamen
1042 2452 1247 2521 scholiastae
1270 2459 1305 2522 et
1329 2454 1457 2523 lexico·

294 2578 418 2668 graphi
449 2579 491 2648 de
522 2580 744 2648 veneratione
773 2583 908 2662 tacent,
940 2578 1007 2646 nisi
1034 2577 1165 2667 lapides
1188 2579 1224 2645 in
1248 2600 1289 2647 ea
1312 2580 1458 2649 coniecti

293 2710 396 2795 Ἑρμῇ
408 2725 470 2793 pro
484 2705 583 2773 donis
596 2703 839 2773 offerebantur.
862 2703 910 2770 At
922 2702 1015 2771 aliud
1029 2709 1082 2770 est
1092 2702 1224 2791 lapides
1237 2704 1281 2770 ad
1293 2724 1456 2772 acervum

294 2830 461 2910 adiicere,
493 2829 586 2897 aliud
618 2829 748 2918 lapides
771 2826 1008 2895 accumulatus
1039 2828 1130 2914 ipsos
1154 2826 1228 2894 oleo
1250 2827 1459 2916 perfundere

292 2960 397 3042 atque
419 2954 565 3043 genibus
586 2954 738 3021 innisum
765 2952 919 3019 adorare.
945 2951 1190 3019 Proverbium:
1214 2961 1340 3034 ,πάντα
1359 2958 1459 3019 λίθον

292 3088 432 3169 ίιπσρὸν
462 3081 652 3168 προοιιονεῑ”
683 3078 719 3144 in
751 3076 904 3165 singulos
934 3075 1084 3164 lapides,
1115 3096 1228 3164 neque
1259 3077 1295 3143 in
1319 3096 1460 3144 acervos

293 3204 416 3298 cadere
443 3203 588 3270 videtur.
615 3201 840 3268 Conferamus
865 3200 1006 3268 Lucian.
1032 3201 1129 3269 Alerr.
1154 3200 1215 3284 30,
1241 3201 1300 3269 ubi
1323 3201 1365 3268 de
1389 3201 1459 3268 Ro·

293 3347 396 3395 mano
420 3326 571 3415 quodam
595 3325 833 3415 superstitioso
856 3344 970 3391 sermo
997 3323 1053 3392 fit:
1074 3339 1150 3407 „nat
1163 3332 1459 3411 οίριονονάλρίιρι-

291 3461 392 3539 μένον
414 3480 477 3519 πον
499 3458 599 3519 λίθον
622 3461 643 3536 ἢ
665 3459 925 3536 ἐστεφανωμένον
943 3457 1108 3534 θεάσαιτο,
1133 3463 1339 3540 προσπίπτων
1362 3459 1460 3530 εὐθὺς

291 3590 346 3644 καί
366 3589 552 3666 προσκυνῶν
571 3590 625 3643 καί
648 3585 700 3643 ἐπί
722 3583 808 3643 πολὺ
827 3586 988 3664 παρεστὼς
1007 3589 1061 3643 καί
1081 3585 1253 3663 εὐχόμενος
1263 3589 1318 3645 καί
1331 3584 1459 3662 τάγαθὰ

292 3703 467 3791 πορόὐιοο
500 3702 635 3782 οιῑιῶν,”
668 3720 731 3768 nec
766 3720 835 3768 non
867 3699 970 3788 Apul.
1007 3700 1095 3766 Flor.
1127 3699 1166 3766 l:
1203 3721 1336 3788 »neque
1365 3701 1459 3768 enim

292 3824 418 3892 iustius
440 3824 635 3912 religiosam
656 3844 786 3891 moram
812 3823 937 3891 viatori
967 3823 1130 3891 obiecerit
1154 3829 1214 3891 aut
1234 3845 1295 3890 ara
1318 3823 1460 3892 floribus

293 3947 455 4016 redimita
486 3954 540 4015 etc
544 3996 660 4015 ......
691 3947 745 4015 vel
776 3947 864 4035 lapis
899 3948 1053 4036 unguine
1087 3946 1291 4018 delibutus.”
1326 3946 1459 4026 Quibus

293 4071 393 4157 locis,
425 4072 530 4138 etiam
562 4071 604 4139 de
633 4071 769 4160 singulo
791 4071 905 4160 lapide
929 4077 1033 4139 uncto
1057 4071 1258 4159 agentibus,
1281 4072 1459 4160 perpensis

293 4196 336 4262 ad
368 4195 562 4264 Casauboni
592 4196 801 4263 sententiam
833 4195 999 4277 inclinor,
1031 4195 1231 4284 lapidesque
1263 4202 1386 4264 unetos
1415 4195 1459 4263 ab

292 4322 425 4388 acervis
455 4322 492 4388 in
520 4324 642 4410 Ἑρμοῦ
665 4322 831 4387 honorem
856 4321 1084 4388 accumulatis
1107 4321 1321 4410 distinguere
1344 4322 1458 4390 velim.

294 4444 513 4533 Quamquam
546 4446 673 4513 mirum
706 4450 775 4529 est,
806 4444 936 4533 lapides
969 4451 1091 4513 unctos
1121 4466 1259 4535 quoque
1286 4448 1323 4514 in
1346 4448 1460 4515 triviis
