3442 5175
827 361 891 428 152>

274 570 308 627 ιὸ
342 569 459 648 ἄστρον
493 569 531 643 ἣν
565 565 783 643 ὀνομάζουσιν
815 569 901 643 αίγα,
937 563 1163 624 ἀνατέλλουσα
1194 567 1248 634 τὰς
1278 564 1447 641 ἀμπέλους

273 692 465 769 λυμαίνεται
487 695 635 769 συνεχῶς.
661 694 715 749 ίνα
738 686 771 748 δέ
798 691 908 769 ἀχαρα
929 685 1029 766 μηδὲν
1049 685 1202 765 ἀπἀὐτῆς
1220 689 1356 767 γένηται,
1378 687 1446 748 οίὸε
1497 656 1499 659 ¹

274 816 329 890 την
359 814 412 872 έπί
442 819 494 890 τῆς
524 815 643 893 ἀγοραῖς
673 811 800 891 χαλκῆν
831 815 908 889 σίγα
930 809 1046 881 ἀλλοις
1069 831 1099 870 τε
1123 815 1235 886 τιμῶσι
1257 816 1313 871 καί
1334 815 1446 892 χρυσῷ

274 939 308 997 τὸ
332 936 467 1015 ἄγαλμα
490 937 741 1013 ἐπικοσμοῦντες.

321 1175 419 1241 Hanc
460 1194 600 1261 capram
643 1174 687 1241 ad
729 1171 934 1240 animalium
976 1171 1111 1239 cultum
1146 1173 1321 1259 pertinere
1357 1174 1447 1240 mihi

275 1302 410 1365 certum
455 1297 611 1380 videtur,
647 1317 759 1386 neque
794 1301 1013 1384 posterorum
1049 1294 1318 1383 explicationem
1352 1298 1447 1364 acci-

273 1421 436 1511 piendam
458 1441 591 1488 censeo.
612 1421 662 1490 Cf.
686 1423 753 1489 Pei·
777 1420 966 1509 Odelberg,
991 1420 1097 1487 Sacra
1121 1419 1318 1506 Corinthia,
1344 1419 1446 1509 Sicy-

275 1546 373 1628 onia,
397 1545 550 1613 Phliasia
573 1566 606 1634 p.
631 1544 707 1613 199.

320 1670 369 1737 De
391 1689 577 1757 caprarum
603 1670 826 1737 veneratione
850 1667 929 1734 vide
952 1667 1045 1733 Cook
1068 1665 1135 1733 ¹150
1158 1687 1232 1754 sqq.

319 1915 435 2004 §262
461 1915 529 2006 [2].
555 1914 791 2003 Naupliae‚
815 1914 852 1980 in
876 1913 962 1981 urbe
989 1912 1162 2001 Argolidis
1185 1913 1348 2002 (asinus).

320 2042 422 2108 Paus.
455 2039 487 2105 ll
518 2036 581 2122 38,
614 2036 645 2103 3.
680 2045 726 2105 Τὰ
758 2043 792 2104 δὲ
822 2046 886 2105 ὑπὸ
910 2050 971 2105 τῶν
994 2046 1028 2104 έν
1051 2042 1208 2126 Ναυπλίᾳ
1231 2044 1391 2123 λεγόμενα
1415 2049 1448 2118 ἐς

275 2176 328 2233 τὸν
363 2175 456 2246 ὄνον,
493 2174 535 2243 ὡς
565 2172 730 2248 ἐπιφαγὼν
763 2168 913 2247 ἀμπέλου
943 2168 1053 2246 κλῆμα
1083 2169 1312 2250 ἀφθονώτερον
1346 2171 1378 2241 ές
1412 2174 1448 2229 τὸ

274 2296 400 2373 μέλλον
423 2296 567 2374 ἀπέφηνε
590 2298 644 2354 τὸν
666 2296 800 2375 καρπόν,
826 2299 882 2352 καί
905 2294 978 2362 ὄνος
1002 2295 1112 2370 σφίσιν
1135 2293 1169 2351 έν
1193 2294 1291 2374 πέτρᾳ
1313 2313 1446 2372 πεποιη-

274 2422 370 2498 μένος
405 2418 459 2479 ὂιά
495 2420 585 2478 τοῦτό
619 2419 703 2478 έστιν
736 2420 790 2477 ἀτε
822 2415 979 2495 ἀμπέλων
1011 2413 1140 2490 ὅιὸἀξας
1171 2418 1279 2493 τομήν,
1308 2420 1448 2497 παρίημι

276 2544 333 2603 οὐκ
356 2541 513 2620 ἀξιόλογα
536 2543 719 2620 ἡγούμενος.

320 2764 421 2831 Certo
445 2764 574 2831 certius
597 2764 734 2830 asinum
763 2761 933 2849 Naupliaa
958 2762 1174 2829 venerationi
1199 2763 1304 2831 fuisso
1324 2784 1365 2830 ex
1380 2764 1447 2831 hac

275 2895 499 2978 re‘apparet3
524 2888 566 2955 de
589 2887 767 2955 asinorum
791 2885 888 2953 cultu
913 2885 993 2952 vide
1014 2885 1107 2952 Cook
1130 2884 1171 2951 81
1199 2906 1273 2974 sqq.

450 3217 491 3283 V.
515 3216 566 3282 lla
590 3216 737 3282 daal-um
760 3214 963 3280 simulacris
987 3212 1267 3281 sami-humanis.

320 3412 338 3499 ἕ
362 3410 438 3477 263.
464 3408 529 3499 [l].
550 3394 806 3496 P'higaliaffi
826 3409 864 3473 in
877 3407 963 3475 urbe
978 3406 1147 3473 Arcadiae
1161 3407 1321 3496 (Δημήτηρ
1334 3410 1449 3496 capita

276 3533 428 3622 aquino).

322 3658 422 3724 Paus.
455 3655 535 3723 Vlll
566 3654 621 3737 42,
644 3656 666 3722 3
689 3677 738 3743 sq.
763 3661 856 3741 Σφάς
877 3661 910 3722 δὲ
932 3665 1002 3722 ἀντί
1013 3663 1129 3723 τούτων
1142 3668 1241 3740 φασίν
1254 3666 1284 3724 οί
1297 3662 1448 3742 Φιγαλεῖς

275 3789 310 3847 τό
344 3809 375 3848 τε
409 3787 571 3865 σπήλαιον
605 3790 736 3864 νομίσαι
771 3791 860 3846 τοῦτο
895 3790 981 3867 ίερὸν
1015 3786 1173 3867 Δήμητρος
1181 3833 1189 3860 ,
1222 3792 1276 3847 καί
1307 3788 1339 3858 ἐς
1370 3791 1447 3849 αὐτὸ

276 3910 411 3988 ἀγαλμα
435 3911 611 3970 ἀναθεῖναι
634 3908 743 3984 ξύλου,
769 3909 969 3986 πεποιῆσθαι
993 3907 1026 3968 δὲ
1044 3911 1141 3980 οὕτως
1153 3913 1244 3987 σφίσι
1255 3914 1289 3970 τὸ
1301 3911 1445 3989 ἀγαλμα-

275 4032 478 4106 καθέζεσθαι
512 4035 573 4110 μὲν
605 4034 658 4093 ἐπὶ
689 4035 803 4114 πέτρᾳ,
835 4038 961 4110 γυναικί
992 4031 1026 4091 δὲ
1056 4033 1194 4092 ἐοικέναι
1225 4033 1331 4094 τᾶλλα
1360 4035 1448 4113 πλην

275 4156 430 4235 κεφαλήν·
456 4156 601 4234 κεφαλὴν
624 4154 657 4214 δὲ
680 4161 735 4215 καί
757 4157 860 4234 κόμην
884 4160 969 4234 εῖχεν
992 4160 1108 4230 ίππου,
1134 4162 1188 4215 καί
1212 4154 1393 4237 ὅρακόντων
1416 4181 1448 4219 τε

275 4285 330 4338 καί
353 4277 466 4339 ἀλλων
488 4279 613 4359 θηρίων
636 4280 754 4348 είκάνες
776 4281 1060 4359 προσεπεφύκεσαν
1083 4285 1118 4358 τῇ
1139 4279 1275 4360 κεφαλῇ·
1296 4286 1393 4361 χιτὼν
1413 4280 1448 4341 ἀὲ

276 4400 436 4466 ἐνεόέὸυτο
470 4408 524 4463 καί
559 4403 590 4477 ές
624 4404 740 4484 ἀκρους
770 4406 840 4477 τοὺς
869 4399 978 4476 πόόας·
1003 4400 1113 4483 δελφίς
1136 4400 1170 4463 as
1193 4404 1245 4463 έπί
1269 4409 1320 4482 τῆς
1341 4407 1448 4486 χειρὸς
