3442 5175
883 396 949 463 250

385 591 403 673 ξ
432 586 486 656 56.
517 588 615 667 Quod
639 590 731 678 apud
755 596 887 659 veteres
910 612 979 659 non
1002 593 1116 660 minus
1139 613 1244 682 quam
1267 594 1358 682 apud
1380 615 1491 685 popu-

342 711 391 779 los
425 712 572 780 incultos
606 713 789 785 hodiernos
822 713 997 782 observari
1029 720 1158 803 potest:
1189 716 1372 784 simulacra
1399 720 1493 786 enim

342 837 477 922 vestiri,
505 838 630 925 ungui,
653 838 759 906 immo
781 837 826 906 ali
849 843 884 906 et
907 838 1110 927 spectaculis
1132 839 1294 907 delectari
1316 840 1492 925 solebant,

342 961 472 1029 catenis
495 960 750 1044 vinciebantur,
774 983 817 1030 ne
840 961 1031 1051 effugerent
1044 964 1362 1053 1);n0nnumquam
1374 964 1493 1054 flagris

342 1081 589 1166 caedebantur,
624 1086 706 1175 quia
740 1085 850 1154 officio
885 1086 1032 1155 defuisse
1063 1087 1367 1174 existimabantur,
1397 1088 1494 1157 velut

343 1211 446 1278 Panis
469 1212 605 1299 signum
629 1210 721 1299 quod
743 1209 1015 1279 adolescentibus
1038 1210 1213 1280 Arcadicis
1232 1213 1306 1281 sine
1327 1214 1494 1303 praedae

342 1341 470 1404 venatu
492 1334 716 1404 redeuntibus
738 1323 884 1423 poenam
907 1333 1000 1403 dedit
1012 1335 1053 1423 2),
1072 1335 1235 1426 aliudque
1254 1336 1338 1405 illud
1350 1337 1493 1405 simula·

343 1480 458 1540 crum,
489 1457 580 1547 quod
610 1458 645 1525 in
681 1458 855 1526 hominem
885 1459 920 1526 id
951 1459 1190 1528 verberantem
1220 1461 1381 1529 cecidisse
1411 1482 1493 1529 nar-

342 1589 457 1667 ratur3
491 1585 694 1651 innumerae
727 1587 808 1651 sunt
840 1582 995 1668 fabulae,
1028 1605 1118 1672 quae
1147 1584 1331 1654 simulacra
1360 1585 1495 1653 flevisse

343 1714 404 1778 aut
433 1708 593 1777 sudorem
623 1708 775 1775 emisisse
806 1712 867 1775 aut
897 1728 993 1775 arma
1023 1708 1173 1777 vibrasse
1202 1714 1263 1778 aut
1288 1731 1351 1778 sua
1373 1714 1494 1798 sponte

343 1833 416 1901 loco
439 1834 579 1900 cessisse
600 1832 827 1899 tradiderunt.
852 1832 954 1921 Apud
975 1833 1167 1902 Arnobium
1176 1835 1205 1924 3)
1217 1855 1371 1924 paganus
1382 1836 1494 1902 intro-

344 1957 483 2025 ducitur
513 1955 647 2039 dicens,
677 1976 713 2023 se
742 1975 811 2023 non
834 1976 892 2024 aes
915 1958 986 2025 sive
1008 1978 1134 2026 aurum
1157 1960 1229 2027 sive
1251 1964 1452 2048 argentum,
1475 1979 1495 2026 e

343 2081 469 2171 quibus
492 2080 659 2168 imagines
682 2079 854 2147 confectae
877 2081 964 2164 sint,
988 2057 1143 2150 divinum
1168 2083 1311 2168 habere,
1335 2082 1394 2179 sed
1417 2083 1495 2149 ani-

345 2226 418 2274 mos
440 2205 596 2273 sollemni
619 2205 875 2272 consecratione
898 2205 936 2272 in
958 2226 1016 2273 eas
1037 2206 1251 2275 introductos
1274 2212 1378 2296 atque
1397 2206 1434 2274 in
1453 2207 1496 2274 iis

343 2329 539 2397 habitantes
551 2349 624 2396 sese
633 2328 752 2396 colere.
766 2328 982 2416 Augustinus
990 2329 1030 2417 ⁴),
1042 2328 1084 2396 de
1097 2330 1319 2418 trismegisto
1331 2330 1494 2419 loquens:

346 2453 413 2520 »At
431 2452 521 2537 ille”,
540 2452 670 2541 inquit,
692 2451 859 2520 »visibilia
878 2457 913 2519 et
933 2452 1191 2520 contrectabilia
1203 2453 1388 2522 simulacra
1400 2453 1496 2521 velut

343 2597 487 2666 corpora
517 2576 660 2644 deorum
691 2597 764 2671 esse
793 2577 930 2663 asserit3
960 2577 1072 2645 inesse
1103 2582 1220 2645 autem
1251 2578 1305 2646 his
1328 2577 1495 2667 quosdam

344 2702 485 2789 spiritus
507 2700 702 2768 invitatos.'’
726 2700 824 2779 Quod
848 2700 1060 2769 Christianos
1082 2702 1173 2788 ipsos
1197 2701 1398 2785 credidisse,
1418 2703 1495 2768 ani·

344 2847 418 2894 mos
447 2825 588 2914 quidem
618 2825 692 2892 illos
723 2825 907 2893 daemones
929 2826 1136 2913 perniciosos
1159 2825 1342 2907 habentes
1366 2847 1408 2893 ex
1430 2826 1497 2893 hoc

345 2951 489 3019 Minucii
515 2950 636 3018 Felicis
648 2950 677 3039 ⁵)
700 2950 772 3018 loco
796 2955 955 3040 apparet:
981 2950 1062 3018 »Isti
1085 2951 1193 3038 igitur
1214 2951 1344 3040 impuri
1365 2951 1496 3039 spiriti,

344 3077 544 3162 daemones,
567 3082 607 3144 ut
630 3080 805 3143 ostensum
827 3096 848 3142 a
871 3076 998 3163 magis,
1022 3096 1042 3142 a
1065 3074 1289 3164 philosophis
1316 3082 1351 3142 et
1372 3096 1392 3140 a
1415 3073 1496 3141 Pla-

343 3205 441 3285 tone,
465 3200 530 3268 sub
552 3200 674 3267 statuis
698 3204 732 3267 et
754 3200 963 3287 imaginibus
986 3201 1175 3267 consecrati
1197 3197 1434 3267 delitescunt.''

388 3324 406 3413 ᾗ
428 3322 481 3390 57.
519 3324 610 3391 Haec
634 3324 749 3390 omnia
772 3322 862 3390 clare
885 3324 1087 3408 ostendunt,
1109 3323 1200 3391 idola
1223 3323 1314 3411 apud
1337 3322 1498 3410 antiquos

344 3449 497 3516 animata
519 3447 637 3515 habita
660 3467 749 3531 esse3
769 3467 882 3535 neque
901 3447 1001 3515 aliter
1019 3468 1093 3515 rem
1112 3468 1147 3516 se
1166 3448 1293 3516 habere
1312 3468 1373 3536 per
1384 3451 1498 3514 totum

343 3574 414 3641 fere
433 3572 551 3640 orbem
571 3576 760 3656 terrarum,
780 3572 871 3660 apud
891 3571 1033 3660 populos
1052 3573 1317 3658 diversissimos,
1333 3570 1499 3660 exemplis

344 3718 365 3765 a
387 3697 523 3786 Tylorio
536 3697 565 3786 ⁶)
589 3695 701 3763 allatis
723 3701 883 3765 accurate
905 3697 1081 3785 perpensis
1099 3716 1217 3782 nemo,
1237 3696 1374 3785 opinor,
1394 3715 1499 3782 nega·

347 3899 557 3910 ......-—-——-

382 4034 402 4099 1)
422 4032 464 4085 cf.
483 4031 600 4095 Lobeolr,
621 4030 826 4098 Aglaophamus
843 4046 870 4096 p.
890 4030 955 4093 2753
974 4027 1107 4093 Oreuzer,
1124 4026 1266 4095 Symbolik
1285 4027 1316 4079 II
1333 4043 1360 4094 p.
1379 4029 1439 4078 615.

381 4123 401 4190 2)
421 4122 510 4174 Schol.
530 4120 643 4172 Theocr.
662 4119 721 4170 VII
741 4122 799 4171 106.

380 4211 402 4277 ³)
421 4208 524 4261 Arnob.
544 4207 614 4260 Adv.
634 4206 712 4258 Gent.
732 4207 774 4258 VI
793 4210 904 4258 17-19.

380 4300 401 4365 4)
420 4297 568 4366 Augustin.
588 4296 627 4347 De
646 4295 728 4347 civit.
748 4294 799 4346 Dei
818 4295 893 4346 VIII
912 4297 959 4360 233
978 4294 1014 4348 cl.
1033 4295 1148 4347 Tertull.
1167 4293 1207 4346 De
1227 4293 1394 4361 Spectaculis
1413 4292 1482 4347 XII.

380 4388 403 4454 5)
421 4387 487 4439 Min.
506 4386 590 4438 Felio.
610 4384 740 4437 Octavius
759 4383 878 4436 XXVII.

380 4477 402 4545 ⁰)
421 4477 505 4529 Prim.
526 4475 597 4528 duit.
618 4475 648 4526 II
669 4476 815 4526 168-183.
