3442 5175
705 649 899 719 CAPUT
937 649 1008 716 ΠΙ.

273 821 323 889 Ile
342 822 540 890 totemismi
560 821 700 888 ratione
721 821 757 886 et
772 820 926 901 origine.
941 819 1032 907 Quas
1044 819 1166 901 partes
1179 818 1216 884 in
1229 818 1445 900 religionum

702 944 859 1011 historia
883 944 1011 1026 egerit.

316 1097 334 1184 ς
352 1096 385 1162 5.
410 1094 489 1162 Alia
506 1093 708 1182 superstitio
721 1094 907 1161 animismo
919 1094 1035 1160 nitens
1047 1091 1268 1160 totemismus
1281 1096 1444 1174 vocatur3
1522 1161 1525 1174 ,

271 1241 377 1308 quam
396 1218 490 1308 apud
509 1218 654 1308 populos
673 1219 824 1286 incultos
844 1237 1051 1306 cognoscere
1068 1236 1193 1304 operae
1206 1216 1359 1303 pretium
1373 1194 1459 1295 est,
1521 1231 1524 1240 ·

271 1347 460 1430 antequam
486 1342 618 1430 aliquid
643 1342 685 1410 de
709 1342 775 1409 hoc
797 1340 895 1409 cultu
918 1341 1011 1429 apud
1036 1340 1187 1408 Graecos
1207 1340 1444 1408 coniiciamus

271 1466 438 1534 Nonnulli
468 1465 587 1555 populi
617 1466 655 1531 in
686 1464 850 1532 America
882 1470 917 1533 et
948 1463 1126 1532 Australis
1150 1464 1350 1533 habitantes
1375 1487 1445 1534 uon

271 1588 425 1677 singulas
454 1589 623 1677 quasdam
654 1609 727 1673 res,
757 1589 817 1656 sed
841 1588 1046 1656 animalium
1071 1589 1272 1678 plantarum
1296 1590 1444 1660 aliarum

271 1733 390 1782 rerum
420 1714 552 1803 species
582 1714 764 1782 universas
795 1712 924 1781 colunt.
957 1713 1025 1791 oui
1055 1713 1176 1802 populi
1205 1714 1243 1780 in
1273 1714 1387 1783 tribus
1410 1721 1446 1782 et

271 1842 403 1925 gentes*
426 1858 466 1905 eo
501 1838 604 1905 modo
639 1837 742 1905 divisi
777 1843 878 1922 sunt,
913 1842 953 1905 ut
987 1842 1165 1916 materna,
1199 1857 1270 1904 non
1298 1842 1445 1926 paterna

271 1962 367 2049 origo
387 1961 556 2029 familiam
575 1961 726 2029 formare
747 1961 937 2046 habeatur,
958 1981 1071 2050 neque
1092 1961 1255 2050 cuiquam
1277 1962 1445 2030 feminam

271 2107 313 2153 ex
333 2086 455 2154 eadem
475 2091 579 2175 gente
600 2086 711 2153 aliave
730 2085 826 2153 tribu
846 2085 883 2151 in
905 2085 1171 2152 matrimonium
1191 2085 1318 2154 ducere
1331 2086 1444 2156 liceat.

271 2210 575 2289 Quemadmodum
607 2215 726 2277 autem
760 2210 920 2277 homines
954 2211 1004 2277 ita
1036 2209 1201 2277 animalia
1234 2231 1375 2300 quoque
1411 2217 1446 2279 et

271 2334 407 2423 plantas
430 2336 469 2402 in
492 2335 608 2402 varias
630 2338 752 2422 gentes
774 2334 903 2401 divisas
927 2353 1000 2401 esse
1021 2334 1228 2422 opinantur,
1248 2339 1283 2401 et
1303 2335 1444 2423 quidem

270 2460 321 2528 ita
349 2464 391 2528 ut
420 2459 575 2548 singulas
605 2459 789 2526 hominum
820 2463 943 2545 gentes
966 2477 1046 2525 cum
1071 2457 1217 2546 singulis
1240 2458 1445 2526 animalium

270 2591 332 2654 aut
354 2584 556 2674 plantarum
579 2582 743 2673 gentibus
767 2603 875 2671 quam
899 2582 1073 2650 artissime
1094 2582 1280 2651 cohaerere
1294 2582 1337 2669 1),
1359 2584 1444 2671 quin

271 2710 378 2777 etiam
418 2710 462 2777 ab
501 2709 626 2777 iisdem
668 2708 807 2797 proavis
848 2707 1020 2795 originem
1058 2707 1197 2775 duxisse
1233 2707 1444 2777 existiment.

271 2836 546 2922 Nonnumquam
577 2833 662 2900 alias
685 2852 824 2921 quoque
848 2852 903 2900 res
926 2832 989 2899 tali
1012 2832 1114 2899 modo
1137 2852 1256 2899 secum
1280 2836 1444 2920 cognatas

271 2978 345 3026 esse
378 2959 550 3046 cogitant,
593 2958 653 3025 sed
690 2957 897 3045 praesertim
932 2956 1097 3024 animalia
1133 2955 1262 3024 talibus
1296 2958 1444 3026 vinculis

271 3102 351 3149 cum
376 3081 577 3150 hominibus
601 3082 787 3150 coniuncta
809 3081 852 3147 iis
876 3080 1042 3149 videntur
1056 3082 1097 3169 2).
1133 3081 1300 3149 Homines
1324 3087 1444 3151 autem

271 3206 438 3274 animalia
457 3206 516 3274 illa
536 3211 597 3274 aut
618 3205 755 3295 plantas
774 3225 902 3294 magna
914 3204 1045 3292 pietate
1058 3205 1218 3272 venerari
1231 3226 1300 3272 non
1314 3206 1442 3275 mirum

271 3336 340 3415 est3
371 3336 544 3398 totemum
574 3330 668 3419 quod
701 3329 829 3397 dicitur
858 3329 1055 3410 hominem,
1081 3329 1137 3398 cui
1161 3333 1349 3418 cognatum
1373 3334 1443 3415 est,
1502 3415 1505 3418 ψ

270 3462 409 3537 tuetur,
446 3456 622 3544 variisque
652 3455 688 3521 in
722 3453 834 3521 modis
857 3453 901 3521 ab
925 3474 965 3520 eo
989 3453 1132 3522 colitur:
1157 3453 1193 3520 Si
1218 3453 1348 3520 animal
1372 3457 1441 3533 est,

270 3601 341 3650 non
370 3585 517 3649 necatur
548 3601 661 3669 neque
693 3579 826 3664 editur,
858 3579 912 3646 sin
944 3577 1082 3668 planta,
1107 3598 1177 3645 non
1201 3576 1357 3666 carpitur
1381 3582 1443 3645 aut

309 3799 329 3865 l)
348 3799 376 3850 J.
395 3797 427 3850 (i.
447 3797 562 3862 Frazer,
583 3796 732 3848 Totemism
752 3813 779 3863 p.
800 3798 830 3847 1:
853 3795 895 3863 ,A
916 3798 1001 3848 totem
1020 3796 1152 3848 isaoloss
1161 3795 1192 3846 of
1200 3794 1328 3846 material
1338 3794 1443 3862 objeets

271 3887 364 3939 which
388 3902 524 3954 assuage
544 3885 659 3954 regards
677 3884 747 3936 with
766 3885 962 3951 superstitious
981 3887 1103 3952 respect,
1123 3884 1263 3952 believing
1283 3884 1345 3935 that
1363 3884 1442 3935 there

271 3976 357 4027 existe
386 3975 510 4026 between
538 3972 597 4024 him
625 3972 681 4025 and
709 3989 791 4040 every
822 3972 943 4024 member
970 3975 1001 4024 of
1024 3975 1072 4025 the
1098 3974 1168 4025 elass
1188 3989 1223 4024 an
1241 3972 1368 4025 intimate
1387 3972 1442 4025 and

271 4063 427 4130 altogether
446 4063 549 4129 special
568 4059 714 4114 relation.'’

307 4153 328 4219 2)
347 4153 447 4205 Frazer
466 4153 483 4204 l.
495 4152 513 4204 l.
529 4170 556 4219 p.
577 4155 606 4203 2:
629 4151 684 4218 „As
703 4150 909 4219 distinguished
927 4151 999 4203 from
1018 4168 1035 4203 a
1056 4150 1156 4217 fetish,
1176 4167 1192 4202 a
1211 4153 1296 4204 totem
1315 4151 1339 4202 is
1357 4167 1441 4204 never

271 4257 307 4291 an
325 4241 442 4293 isoleted
458 4241 629 4306 individual,
649 4241 698 4292 but
716 4241 820 4308 always
839 4257 856 4291 e
875 4240 945 4292 class
964 4241 995 4292 ol
1011 4240 1129 4307 objeets,
1148 4240 1292 4309 generally
1310 4241 1442 4308 aspeoies

271 4329 303 4381 of
319 4329 437 4382 animale
456 4346 486 4382 or
507 4330 538 4382 os
554 4330 662 4396 plante,
681 4346 756 4382 more
771 4330 865 4397 rarely
881 4347 897 4381 a
913 4330 983 4383 elass
999 4330 1030 4382 of
1038 4331 1189 4382 inanimate
1199 4329 1311 4382 natural
1321 4329 1440 4395 objeots,

272 4432 339 4485 very
359 4418 451 4488 rarely
471 4434 488 4470 a
507 4419 576 4472 class
596 4419 627 4470 ol
643 4418 774 4471 artifioial
793 4417 924 4484 objeots.’'
