3442 5175
801 407 863 475 ‘141

244 611 438 688 μελιτόεσσά
470 611 543 671 ἐστι.
577 614 655 691 αῦτη
682 611 732 690 ὅή
753 588 947 691 μελιτόεσσα
968 616 1003 675 ἐν
1027 618 1067 692 τῷ
1090 615 1215 696 πρόσθε
1238 616 1300 673 ἀεὶ.
1311 616 1431 696 χρόνῳ

246 737 504 815 ἀναισιμουμένη
527 738 593 797 τότε
615 740 655 814 ἦν
678 739 851 813 ἄψαυστος.
877 740 1063 817 σημηνάσης
1082 737 1116 798 δὲ
1136 743 1233 798 ταῦτα
1252 745 1305 816 τῆς
1322 741 1420 818 ίρείης

244 860 379 936 μᾶλλόν
408 883 435 921 τι
468 864 498 920 ot
533 860 695 941 ’Ἀθηναῖοι
727 868 781 921 καί
804 863 1049 944 προθυμότερον
1071 862 1220 937 ἐξέλιπον
1243 866 1298 938 την
1321 861 1420 921 πόλιν

246 987 290 1055 ὡς
310 991 365 1045 καί
388 991 440 1063 τῆς
462 985 543 1045 θεοῦ
567 986 821 1065 ἀπολελοιπυίης
844 992 899 1064 τὴν
923 987 1109 1069 ἀκρόπολιν.

292 1101 386 1170 Idem
412 1104 649 1173 narratPlnt.
674 1103 1036 1179 Themistoel.10,i.
1336 1179 1339 1183 ,

293 1226 443 1316 Hesych.
463 1250 489 1296 s,
512 1236 666 1318 Οίκουρόν
685 1239 769 1315 ὄφιν.
791 1239 844 1296 τὸν
864 1242 915 1313 τῆς
927 1233 1095 1306 Πολιάδος
1107 1234 1238 1313 φύλακα
1251 1232 1417 1316 όράκοντα.

245 1362 301 1416 καί
333 1362 363 1417 οί
392 1362 454 1436 μέν
484 1362 542 1421 ἕνα
572 1365 681 1440 φασίν,
714 1364 744 1421 ολ
776 1359 809 1420 δὲ
840 1358 898 1420 δύο
925 1362 960 1420 ἐν
986 1364 1027 1436 τῷ
1051 1364 1125 1440 λερῷ
1149 1364 1203 1419 τοῦ
1227 1357 1416 1440 Ἐρεχθέως.

249 1480 368 1567 Τοῦτον
391 1482 425 1542 δέ
448 1483 514 1560 (τόν
537 1482 705 1566 δράκοντα)
730 1483 861 1565 φύλακα
885 1491 937 1561 τῆς
959 1484 1165 1569 ἀκροπόλεως
1187 1489 1295 1563 φασίν,
1321 1486 1419 1560 ᾤκαί

245 1606 454 1684 μελιττοῦταν
476 1611 729 1691 παρατίθεσθαι.

292 1724 346 1791 Et.
379 1725 495 1813 Magn.
526 1725 608 1805 287,
641 1725 686 1792 14
716 1726 821 1794 Gaisf.
854 1747 880 1793 s.
914 1731 1108 1816 Δράκαυλος.
1139 1728 1311 1810 Σοφοκλῆς
1337 1731 1419 1809 Τυμ-

246 1861 424 1928 πανισταῖς
457 1858 526 1917 ἐπεί
556 1859 577 1934 η
607 1853 728 1936 Ἀθηνᾶ
759 1856 844 1918 δοκεῖ
874 1860 952 1939 παρ’
980 1860 1087 1928 αὐτοῖς
1108 1854 1322 1931 αῦλίσαιτόν
1345 1853 1419 1935 ὅρά·

245 2000 353 2056 κοντα,
385 1986 452 2051 ταῖς
481 1978 647 2060 Κέκροπος
676 1981 885 2063 θυγατράσιν.
918 1980 987 2041 Ὅτι
1010 1980 1260 2053 συναυλίζονται
1282 1982 1363 2039 κατὰ
1386 1982 1420 2038 τό

248 2106 331 2174 είκός
364 2101 508 2186 Κέκροπι
540 2107 605 2165 ὄντι
637 2102 750 2183 ὅιφυεῖ.
782 2104 848 2165 Ὅτι
880 2104 1106 2178 συναυλίζεται
1136 2107 1198 2181 μία
1229 2109 1290 2164 τῶν
1319 2105 1354 2162 έν
1385 2108 1420 2182 τῇ

248 2227 423 2308 ἀκροπόλει
447 2226 603 2308 δράκοντι,
628 2231 912 2310 προσημερεῦουσα
936 2234 972 2308 τῇ
992 2229 1070 2304 θεῷ.

293 2343 343 2410 Cf.
368 2344 458 2411 Plut.
484 2344 997 2431 Demosth.26‚4;1³hilosn.
1023 2344 1130 2432 imag.
1155 2343 1263 2411 1147.

293 2537 463 2638 ᾗ239.ῦ.
489 2539 541 2606 DE
570 2547 758 2628 Ἀσκληπιοῦ
781 2558 861 2608 AVE.

295 2663 367 2732 Ael.
412 2666 492 2732 Var.
537 2665 625 2733 Hist.
668 2666 697 2732 V
736 2663 789 2732 17.
824 2671 908 2752 Περί
946 2672 1123 2751 Ἀθηναίων
1157 2669 1417 2748 δεισιδαιμονίας.

248 2794 317 2855 Ὅτι
349 2800 499 2857 τοσοῦτον
532 2799 573 2874 ἦν
610 2796 789 2877 Ἀθηναίοις
824 2794 1084 2873 ὅεισιὸαιμονίας·
1121 2799 1149 2854 εἲ
1183 2817 1227 2866 τις
1260 2793 1421 2875 πρινίόιον

249 2922 400 2997 ἐξέκοψεν
430 2923 464 2997 ἐξ
494 2925 610 3002 ηρῷου,
643 2921 832 2980 ἀπέκτειναν
863 2922 969 2980 αὐτόν·
994 2892 1162 2979 ἀλλὰκαὶ
1189 2917 1347 2999 Ἀτάρβην,
1373 2919 1420 2977 ὅτι

235 3050 303 3106 ,τοῦ
326 3045 515 3126 Ἀσκληπιοῦ
534 3049 588 3105 τόν
607 3048 693 3126 ίερόν
713 3044 873 3126 στρουθὸν
893 3024 1055 3103 ἀπέκτεινε
1074 3045 1226 3118 πατάξας,
1248 3044 1305 3103 οῦκ
1317 3044 1421 3124 άργῶς

249 3172 338 3230 τοῦτο
365 3169 529 3249 Ἀθηναῖοι
549 3168 644 3244 είὸον,
665 3169 744 3229 ἀλλ’
763 3170 953 3228 ἀπέκτειναν
974 3166 1133 3248 Ἀτάρβην,
1153 3173 1208 3227 καί
1227 3169 1285 3227 οῦκ
1303 3165 1420 3227 ἔδοσαν

222 3375 223 3378 ¹
249 3294 320 3354 οὔτε
332 3297 465 3373 ἀγνοίας
476 3296 665 3373 συγγνώμην
678 3295 748 3353 οὔτε
758 3295 887 3370 μανίας,
901 3292 1099 3373 πρεσβύτερα
1107 3293 1224 3350 τούτων
1232 3291 1421 3371 ἀμφοτέρων

249 3420 287 3477 τά
310 3422 364 3478 τοῦ
386 3419 469 3479 θεοῦ
488 3420 709 3497 ποιησάμενοι.
735 3415 880 3495 Ἐλέγετο
899 3420 960 3498 γὰρ
980 3418 1146 3491 ἀκουσίως,
1168 3419 1199 3475 ot
1220 3415 1254 3475 δέ
1271 3417 1421 3494 μεμηνὼς

250 3547 339 3602 τοῦτο
364 3519 490 3623 δράσαι.
541 3604 546 3612 ,

294 3658 381 3726 Vide
405 3659 559 3727 Perizon.
585 3658 628 3725 ad
652 3658 746 3726 hune
769 3657 895 3725 locum.

294 3921 322 3968 G·
346 3896 398 3968 DE
422 3915 640 3967 ANIMALIBUS
660 3914 908 3965 GOMPLURIBUS
927 3912 964 3963 IN
986 3912 1150 3963 SINGULIS
1169 3912 1320 3962 TEMPLIS
1341 3911 1420 3962 SIVE

252 4039 352 4090 LUCIS
375 4040 632 4092 VERSANTIBUS.
1376 4034 1379 4037 ⁵

295 4191 411 4280 §24st
437 4191 504 4283 [i].
528 4191 574 4258 In
599 4191 732 4280 Epiro
755 4192 973 4281 (Ἀπόλλωνος
996 4190 1191 4279 dracones).
1205 4191 1231 4276 l)

289 4379 308 4446 ¹)
328 4380 441 4433 Nummi
460 4379 602 4433 autonomi
621 4379 766 4447 (ίοεεσροε,
786 4378 865 4430 urbis
883 4378 976 4445 Epiri,
996 4381 1152 4445 serpentem
1173 4377 1306 4430 exhibent
1326 4375 1419 4443 (Head

252 4470 329 4536 271),
349 4470 397 4522 sed
415 4473 499 4536 eaput
515 4468 693 4540 Ἀφροδίτης,
709 4484 764 4520 non
779 4466 972 4533 ’Λπόλλωνος
987 4468 1017 4518 in
1027 4468 1142 4520 adverse
1152 4471 1231 4534 perte
1241 4465 1420 4534 eenepieitur.
