3442 5175
868 420 934 487 δῦ.)

360 613 433 681 Ael.
466 613 507 681 N.
542 615 581 680 Λ.
616 614 663 680 Xl
694 614 725 681 2.
759 622 879 684 Θύουσί
909 645 940 683 τε
962 630 1017 683 καί
1040 624 1151 695 άλλως
1173 628 1204 684 οί
1234 624 1420 705 Ἠπειρῶται
1445 631 1489 703 τῷ

318 745 493 807 Ἀπόλλωνι
527 753 582 805 καί
614 749 713 821 αὐτοί,
746 753 800 806 καί
830 753 897 807 πάν
927 750 1005 807 ύσον
1025 753 1086 807 τῶν
1109 749 1208 821 ξένων
1231 746 1389 826 ἐπίδημόν
1412 749 1487 822 ἐστι,

313 875 368 929 καί
403 873 499 947 τούτῳ
533 868 591 949 ἢδη
626 874 682 947 τὴν
709 874 859 949 μεγίστην
891 872 1001 951 ἑορτὴν
1032 872 1146 948 άγουσι
1175 876 1253 947 μιάς
1282 872 1402 953 ἡμέρας
1433 877 1489 931 τοῦ

314 995 401 1065 ἔτους
434 998 554 1071 σεμνήν
585 1016 615 1054 τε
649 1002 704 1055 καί
737 996 976 1077 μεγαλοπρεπῆ.
1013 994 1105 1057 Ἔστι
1140 993 1174 1055 δὲ
1204 997 1317 1055 ἄνετον
1348 1001 1389 1073 τῷ
1419 996 1489 1073 θεῷ

315 1117 424 1191 ἄλσος,
459 1124 513 1178 καί
548 1118 613 1197 ἔχει
647 1118 755 1197 κύκλῳ
789 1118 975 1201 περίβολον,
1007 1127 1062 1180 καί
1093 1118 1186 1181 ἔνδον
1216 1123 1278 1180 είσί
1311 1118 1486 1202 δράκοντες,

314 1247 368 1300 καί
398 1246 453 1300 τοῦ
482 1242 564 1301 θεοῦ
593 1243 729 1325 ἄθυρμα
760 1246 847 1304 οδτοί
877 1265 919 1322 γε.
954 1242 1001 1302 Ἡ
1028 1248 1134 1304 τοίνυν
1164 1245 1274 1326 ίέρεια,
1306 1251 1385 1322 γυνη
1408 1267 1489 1327 παρ·

314 1366 420 1440 θίνος,
444 1369 573 1448 πάρεισι
595 1368 689 1446 μόνη,
709 1375 764 1428 καί
784 1373 903 1449 τροφὴν
922 1375 986 1439 τοῖς
1005 1365 1158 1449 δράκοοσι
1177 1368 1311 1446 κομίζει.
1333 1367 1488 1447 Λέγονται

315 1488 349 1550 δὲ
381 1492 446 1572 άρα
476 1492 539 1551 ύπὸ
570 1497 631 1552 τῶν
655 1490 861 1572 Ἠπειρωτῶν
884 1493 1009 1570 ἔκγονοι
1032 1497 1087 1553 τοῦ
1109 1494 1144 1553 ἐν
1168 1491 1302 1572 Δελφοῖς
1325 1491 1490 1566 Πυθῶνος

315 1618 408 1675 εῖναι.
446 1614 526 1676 Ἐάν
555 1620 616 1694 μὲν
647 1619 705 1677 ούν
735 1619 820 1677 ούτοι
843 1616 1079 1699 παρελθοῦσαν
1102 1620 1157 1693 την
1180 1618 1300 1698 ίέρειαν
1323 1615 1490 1698 προσηνῶς

315 1738 507 1814 θεάσωνται,
542 1744 597 1800 καί
632 1745 686 1813 τάς
720 1745 837 1822 τροφὰς
870 1741 1048 1823 προθύμως
1081 1740 1238 1817 λάβωσιν,
1271 1740 1425 1801 εὐθενίαν
1458 1763 1490 1801 τε

315 1860 500 1942 ῦποδηλοῦν
535 1864 769 1942 ὁμολογοῦνται
803 1871 858 1926 καί
892 1866 959 1936 ἔτος
993 1867 1122 1925 ἄνοσον·
1159 1865 1218 1924 ἐάν
1251 1863 1285 1924 δὲ
1308 1864 1489 1943 ἐκπλήξωσι

314 1989 375 2063 μὲν
399 1989 506 2065 αὐτην,
530 1992 576 2065 μὴ
601 1987 729 2066 λάβωσι
756 1987 790 2048 δὲ
814 1992 877 2048 δ’σα
900 1991 1001 2071 ύρέγει
1025 1988 1229 2066 μειλίγματα,
1253 1991 1405 2050 τάνανιία
1428 1994 1491 2048 τῶν

316 2112 554 2193 προειρημένων
576 2116 607 2172 οί
628 2116 690 2190 μὲν
711 2115 931 2190 μαντεύονται,
956 2116 987 2172 οί
1011 2110 1044 2171 δὲ
1067 2111 1265 2185 ἐλπίζουσιν.

361 2351 480 2438 5241.
506 2350 572 2442 [2].
598 2352 790 2436 Aetnae,
813 2353 849 2419 in
875 2353 964 2420 urbe
985 2352 1122 2420 Siciliae
1146 2355 1341 2438 (Ἡφαιστου
1361 2345 1490 2438 canes).

362 2477 436 2543 Ael.
464 2477 507 2543 N.
533 2477 574 2543 Α.
598 2476 646 2543 ΧΙ
670 2475 702 2543 3.
726 2480 786 2543 Ἐν
808 2483 905 2565 Αίτνη
928 2482 962 2543 δὲ
985 2485 1050 2565 άρα
1074 2490 1109 2564 τῇ
1131 2481 1285 2564 Σικελικῇ
1309 2482 1490 2562 Ἡφαίστου

317 2613 444 2687 τιμάται
478 2611 572 2683 νεώς,
607 2615 661 2668 καί
696 2609 760 2669 ἔστι
794 2609 967 2690 περίβολος
999 2615 1054 2669 καί
1085 2607 1200 2690 δένδρα
1231 2612 1317 2691 ίερά,
1348 2615 1402 2669 καί
1425 2614 1491 2690 πῦρ

317 2734 473 2809 άσβεστόν
500 2754 531 2792 τε
554 2738 608 2793 καί
631 2735 812 2812 ἀκοίμητον.
837 2731 913 2792 Εἰσί
937 2731 971 2792 δὲ
993 2736 1084 2804 κύνες
1106 2737 1178 2814 περί
1202 2756 1233 2793 τε
1256 2737 1309 2794 τδν
1332 2738 1413 2794 νεὼν
1434 2740 1490 2794 καί

317 2862 351 2918 τδ
381 2858 482 2930 ἄλσος
511 2861 607 2938 ἱεροί,
639 2863 694 2917 καί
718 2861 788 2928 τούς
809 2860 870 2935 μὲν
894 2859 1065 2941 σωφρόνως
1087 2864 1142 2917 καί
1165 2860 1207 2929 ὡς
1229 2859 1342 2938 πρέπει
1366 2879 1397 2916 τε
1419 2859 1491 2934 άμα

316 2988 370 3041 καί
392 2987 455 3064 χρὴ
478 2984 650 3064 παριόντας
672 2986 716 3053 είς
740 2985 794 3043 τδν
816 2986 897 3043 νεών
919 2989 974 3044 καί
997 2987 1031 3043 ιδ
1055 2983 1156 3054 ἄλσος
1179 2980 1246 3041 οίδε
1264 2985 1412 3041 σαίνουσι
1435 2986 1492 3040 καί

317 3105 549 3180 αίκάλλουσιν,
575 3110 629 3166 σία
652 3105 690 3183 δὴ
714 3104 1009 3188 φιλοφρονούμενοί
1029 3112 1133 3166 τεκαὶ
1152 3104 1357 3186 γνωρίζοντες
1376 3102 1488 3183 δήπου·

317 3229 375 3288 ἐὰν
398 3228 432 3288 δύ
455 3249 499 3300 τις
521 3230 542 3310 ᾖ
564 3237 674 3311 χεῖρας
696 3231 827 3307 ἐναγής,
851 3234 961 3289 τοῦτον
983 3233 1044 3307 μὲν
1065 3236 1120 3289 καί
1140 3227 1292 3289 δάκνουσι
1313 3235 1367 3289 καί
1388 3231 1490 3306 άμύσ-

316 3374 428 3427 οουσι,
453 3357 523 3425 τούς
546 3351 580 3412 δὲ
600 3353 709 3424 ἄλλως
727 3353 762 3414 ἔκ
781 3374 865 3424 τινος
883 3353 1015 3431 ὁμιλίας
1032 3357 1165 3432 ἥκοντας
1185 3351 1367 3413 ἀκολάστου
1386 3354 1491 3429 μόνον

317 3476 496 3540 διώκουσιν.

363 3718 481 3808 §242
507 3717 572 3809 [3].
597 3717 644 3785 In
668 3718 839 3786 Daunia
863 3717 1023 3807 (Apulia)
1043 3718 1197 3807 (Ἀθηνᾶς
1220 3720 1347 3804 canes).

363 3844 437 3912 Ael.
473 3843 514 3912 N.
550 3844 591 3910 A.
630 3842 675 3909 Xl
711 3843 743 3910 5.
774 3843 833 3909 Ἐν
863 3854 903 3930 γῇ
933 3854 968 3929 τῇ
999 3847 1120 3931 Δαυνίφ
1143 3853 1225 3910 νεὼν
1247 3853 1308 3927 μὲν
1332 3852 1415 3909 εἶναι
1438 3854 1490 3927 τῆς

318 3971 461 4057 Ἀθηνᾶς
490 3983 542 4054 τῆς
572 3974 714 4047 Ἰλιάδος
744 3974 867 4058 ᾄδουσι
893 3978 964 4044 τούς
987 3971 1021 4032 δὲ
1044 3974 1197 4033 ἐνταυθοῖ
1219 3975 1317 4044 κύνας
1339 3972 1489 4053 τρεφομέ-

317 4122 392 4173 νους
421 4104 558 4179 ὑμνοῦσι
586 4105 647 4161 τῶν
676 4103 737 4179 μὲν
766 4094 937 4177 Ἑλλήνων
968 4102 1038 4170 τούς
1069 4097 1323 4176 ἀφικνουμένους
1346 4099 1488 4168 σαίνειν,

317 4224 466 4284 ῦλαιιτεῖν
501 4223 535 4283 δὲ
570 4228 641 4296 τούς
673 4223 867 4307 βαρβάρους.
902 4215 1044 4282 Al'istot.
1078 4214 1154 4280 Μὶν.
1181 4213 1285 4280 Auso.
1309 4211 1374 4278 ’118
1396 4211 1489 4278 idem

318 4347 448 4408 narrat.
471 4340 520 4406 Of.
534 4361 615 4407 aves
623 4340 843 4427 Diomedeae,
858 4340 999 4407 Aristet.
1015 4338 1090 4405 Min
1105 4337 1208 4404 Auso.
1221 4335 1276 4422 80,
1291 4336 1378 4402 Plin.
1391 4335 1424 4400 X
1435 4333 1490 4400 44.
