3442 5175
871 386 915 454 76

306 598 378 673 ρεῖς,
403 591 629 673 συνεργάζεταί
652 611 683 650 τε
710 589 881 651 Ἀπόλλων
903 594 957 650 καί
981 595 1036 667 τῆν
1058 591 1200 671 κιθάραν
1222 589 1399 668 κατέθηκεν
1422 591 1474 649 ἐπί

236 793 248 802 θ’
305 718 359 774 τόν
389 714 498 774 λίθου’
531 716 571 791 ῆν
593 712 627 773 δέ
651 716 729 796 τύχη
750 714 866 790 βαλών
889 736 933 786 τις
955 712 1083 793 ψηφῖδι,
1106 696 1189 774 κατά
1212 715 1309 775 ταύτά
1332 714 1423 785 οδτός
1444 735 1474 774 τε

305 840 405 917 ῆχησε
426 843 482 899 καί
502 838 627 919 κιθάρα
648 839 854 920 κρουσθεῖσα.

348 1078 366 1166 ἓ
389 1077 443 1146 55.
469 1076 533 1167 [2].
559 1078 722 1146 Thebis
746 1082 886 1165 (Ἀθηνᾶ
909 1082 945 1145 et
968 1082 1154 1166 Ἡρακλῆς).

350 1202 451 1269 Paus.
486 1202 553 1286 IX,
590 1201 650 1286 11,
685 1202 716 1270 2.
754 1208 891 1290 Θηβαῖοι
927 1208 961 1269 δὲ
995 1215 1051 1270 καί
1085 1207 1158 1270 τάδε
1188 1210 1402 1289 ἐπιλέγουσιν,
1433 1213 1475 1283 ὡς

306 1331 470 1415 Ἡρακλῆς
501 1336 564 1395 ὑπὸ
594 1341 646 1413 τῆς
675 1337 795 1412 μανίας
824 1341 879 1395 καί
914 1333 1137 1415 Ἀμφιτρύωνα
1167 1333 1305 1412 ἔμελλεν
1327 1338 1474 1396 ἀποκτιν-

305 1460 409 1532 νύναι,
440 1458 594 1540 πρότερον
624 1456 657 1517 δέ
689 1460 754 1539 ἄρα
783 1458 1065 1536 ὕπνος-ἐπέλαβεν
1088 1460 1185 1519 αὐτόν
1210 1461 1273 1519 δπδ
1297 1464 1351 1519 τοῦ
1373 1458 1475 1519 λίθου

306 1586 358 1657 τῆς
391 1580 522 1659 πληγῆς·
563 1580 707 1661 Ἀθηνᾶν
741 1580 775 1641 δὲ
809 1585 893 1643 είναι
927 1586 983 1659 τῆν
1016 1583 1196 1661 ἐπαφεῖσάν
1230 1586 1261 1643 οί
1291 1587 1345 1643 τὸν
1374 1583 1475 1644 λίθον

306 1708 425 1778 τοῦτον,
450 1706 559 1765 όντινα
582 1702 835 1786 Σωφρονιστῆρα
857 1705 1085 1783 ὀνομάζουσιν.

349 1819 380 1886 5.
405 1825 500 1908 Ὑπέρ
522 1825 556 1887 δὲ
579 1830 633 1889 τδν
655 1826 907 1911 Σωφρονιστῆρα
930 1831 1031 1892 λίθον
1052 1830 1162 1908 βωμός
1185 1832 1269 1892 ἐστιν
1291 1830 1404 1891 κτλ.

350 2066 444 2156 §fast
470 2066 534 2157 [3].
560 2068 725 2137 Thebis
749 2069 906 2156 (Manto).

350 2193 452 2260 PaUS.
476 2191 544 2276 IX,
568 2191 626 2276 10,
649 2191 681 2259 3.
715 2199 807 2263 Ἔστι
830 2199 1004 2262 δ’ἐνταδθα
1027 2200 1124 2272 λίθος
1146 2202 1224 2279 ἐφ’ῆτ
1247 2199 1369 2261 Μαντώ
1395 2222 1475 2279 φασι

305 2332 361 2405 τῆν
393 2326 556 2409 Τειρεσίου
585 2326 798 2401 καθέζεσθαι.
832 2329 922 2397 οὗτος
950 2329 1011 2404 μὲν
1041 2329 1103 2407 πρό
1133 2332 1185 2404 τῆς
1207 2323 1321 2386 ἐσόδου
1343 2323 1474 2402 (Ἀπόλ-

305 2452 409 2524 λωνος
443 2450 607 2531 Ἰσμηνίου
637 2442 774 2530 templi)
805 2456 916 2525 κεῖται,
946 2452 1002 2509 καί
1033 2453 1064 2509 οί
1094 2451 1128 2508 τό
1151 2450 1256 2526 ὄνομά
1279 2450 1344 2509 ἐστι
1366 2454 1421 2509 καί
1444 2449 1476 2520 ἐς

305 2579 390 2654 ἡμᾶς
411 2575 456 2636 ἐτι
478 2573 631 2647 Μαντοῦς
654 2571 772 2656 δίφρος.

372 2813 467 2904 557.
492 2813 557 2905 [4].
582 2814 630 2881 ln
655 2814 939 2882 Athenarum
962 2836 1065 2883 aree
1089 2813 1267 2900 (Silenusa

350 2941 453 3007 Paus.
474 2939 507 3024 I,
527 2938 589 3020 23,
609 2938 641 3006 5.
664 2943 756 3007 Ἐστι
768 2944 802 3006 δὲ
813 2945 911 3018 λίθος
923 2949 962 3007 οὐ
972 2949 1081 3025 μέγας,
1095 2947 1174 3008 ἀλλ’
1185 2949 1263 3007 όσον
1274 2944 1475 3018 καθίζεσθαι

304 3077 420 3154 μικρὸν
454 3071 566 3154 ἄνδρα·
599 3074 652 3132 ἐπί
682 3073 779 3149 τούτῳ
810 3072 970 3150 λέγουσιν,
1002 3075 1097 3150 ῆνίκα
1129 3070 1279 3142 Διόνυσος
1309 3069 1414 3147 ῆλθεν
1444 3070 1476 3141 ἐς

306 3202 361 3275 τῆν
385 3203 452 3276 γῆν,
477 3196 736 3257 ἀναπαύσασθαι
760 3199 814 3257 τὸν
835 3193 988 3275 Σιληνόν.

350 3434 444 3524 558.
471 3434 535 3526 [5].
561 3434 786 3503 Salamine
810 3435 1018 3525 (Telamon).

350 3561 451 3627 PaUS.
483 3558 509 3644 I,
532 3557 595 3640 35,
618 3558 650 3627 3.
682 3564 839 3629 δείκνυται
871 3565 905 3628 δὲ
936 3568 1034 3642 λίθος
1056 3542 1282 3646 ἐν’Σαλαμῖνι
1304 3569 1343 3628 οὐ
1366 3570 1474 3649 πόρρω

305 3696 360 3753 τοῦ
395 3692 534 3770 λιμένος·
566 3693 619 3752 ἐπί
650 3693 760 3752 τούτου
790 3692 979 3769 καθήμενον
1012 3691 1191 3770 Τελαμῶνα
1223 3694 1303 3774 ὁρᾶν
1324 3692 1475 3770 λέγουσιν

189 3819 205 3905 γ’
306 3817 337 3888 ἐς
369 3821 424 3894 τῆν
454 3821 537 3876 ναῦν
566 3815 796 3877 ἀποπλεόντων
826 3820 857 3876 οί
889 3821 950 3877 τῶν
980 3815 1106 3878 παίδων
1135 3818 1166 3889 ἐς
1196 3815 1323 3878 Αὐλίδα
1345 3818 1398 3876 ἐπί
1422 3819 1475 3876 τὸν

306 3941 416 4000 κοινόν
440 3944 501 4000 τῶν
525 3936 695 4017 Ἑλλήνων
718 3939 841 4000 στόλον.

351 4179 445 4271 §aa
472 4178 536 4269 [6].
561 4178 763 4267 Aeginae
788 4180 972 4268 (Phocus).

351 4306 452 4381 Paus.
483 4302 535 4387 ΙΙ,
566 4301 628 4386 29,
655 4300 686 4369 7.
710 4308 811 4392 Παρά
834 4307 868 4370 δὲ
892 4314 926 4370 τό
949 4310 1100 4371 Αἰάκειον
1124 4309 1236 4372 Φώκου
1259 4314 1357 4390 τάφος
1378 4313 1475 4391 χῶμά

306 4440 371 4499 ἐστι
406 4437 635 4518 περιεχόμενον
668 4434 776 4513 κύκλῳ
809 4432 947 4516 κρηπῖδι,
983 4436 1135 4497 ἐπίκειται
1166 4433 1200 4495 δὲ
1230 4435 1326 4507 λίθος
1349 4437 1473 4517 τραχύς·
