3442 5175
781 409 848 477 245

286 599 342 669 Sic
365 600 564 689 everbach,
589 604 666 693 qui,
690 609 730 672 ut
752 624 858 693 supra
872 606 897 689 1)
920 604 1088 688 vidimus,
1113 605 1330 675 Boettichero
1353 629 1396 676 ex

242 725 357 792 animo
382 726 587 814 assentitur,
611 727 766 795 omnium
788 728 946 816 palorum
971 733 1006 796 et
1029 737 1153 811 ξοάνων
1175 730 1394 798 sanctitatem

242 870 283 917 ex
303 849 465 918 arborum
488 850 583 919 cultu
607 851 796 939 effluxisse,
819 872 932 940 neque
955 852 1062 941 igitur
1085 873 1105 919 a
1126 852 1271 938 talibuS‚
1294 860 1333 922 ut
1345 856 1395 922 ita

241 973 371 1058 dicam,
394 974 574 1042 evolvendi
598 974 764 1042 doctrinis
788 974 975 1043 abhorrere
998 975 1153 1061 videtur,
1176 975 1280 1043 aliam
1299 977 1395 1045 eius-

241 1098 319 1165 dem
331 1099 526 1188 opinionem
539 1098 648 1167 multo
659 1098 924 1188 probabiliorem
939 1139 976 1149 -
991 1100 1124 1189 stipites
1135 1101 1277 1169 vestitos
1289 1107 1395 1191 atque

240 1223 406 1311 capitatos
436 1232 537 1305 ξόανα
566 1224 790 1312 praecessisse
821 1223 998 1292 Botticher
1028 1229 1129 1313 putat
1142 1225 1170 1313 2)
1193 1263 1235 1274 -
1259 1226 1395 1295 disertis

240 1346 353 1415 verbis
375 1347 505 1431 reiicit,
529 1368 592 1415 nec
614 1348 681 1415 nisi
703 1347 896 1416 simulacris
917 1368 1058 1437 prorsus
1077 1349 1239 1418 humanis
1257 1351 1395 1419 iamin-

240 1472 352 1539 ventis
386 1472 520 1561 stipites
552 1472 615 1539 tali
646 1472 747 1540 modo
780 1477 920 1541 ornatos
950 1494 1023 1542 esse
1045 1473 1204 1562 perhibet
1216 1475 1259 1560 3);
1282 1496 1395 1566 neque

240 1594 340 1663 aliter
363 1596 404 1665 de
427 1597 556 1665 hermis
578 1617 651 1665 sese
673 1597 826 1666 iudicare
849 1599 986 1687 saepius
1009 1598 1171 1668 affirmat.

283 1721 493 1790 Orerbeclrio
524 1722 616 1790 enim
646 1743 849 1811 persuasum
879 1728 949 1805 est,
980 1724 1154 1806 homines,
1186 1724 1395 1814 simulatque

240 1847 381 1915 deorum
410 1847 598 1936 imaginem
631 1847 819 1915 humanam
849 1849 1041 1936 exprimere
1065 1850 1257 1939 coeperint,
1280 1854 1395 1920 toturn

240 1991 359 2039 eorum
400 1991 525 2060 corpus
558 1992 671 2061 neque
704 1977 821 2061 partes
853 1977 992 2040 tantum
1028 1975 1179 2063 corporis
1213 1974 1305 2063 ligno
1341 1974 1395 2042 vel

240 2115 411 2165 marmore
459 2096 648 2177 effinxisse,
692 2098 774 2187 quia
815 2098 889 2166 eius
931 2098 1072 2188 quidem
1114 2100 1285 2167 sententia
1326 2099 1395 2167 tale

205 2257 207 2261 v
241 2220 323 2308 quid
359 2241 380 2288 a
410 2240 549 2310 quoquo
583 2220 714 2290 artifice
748 2241 889 2310 prorsus
921 2221 1071 2290 alienum
1105 2223 1167 2310 sit,
1197 2244 1310 2312 neque
1334 2244 1394 2291 us-

240 2366 345 2433 quam
376 2346 467 2435 apud
494 2347 680 2434 scriptores
704 2346 873 2414 eiusmodi
894 2367 1096 2436 progressus
1118 2347 1289 2436 gradatim
1312 2348 1396 2416 facti

239 2470 383 2558 vestigia
417 2470 642 2539 inveniantur
659 2470 699 2560 4).
741 2471 907 2539 Thiersch
916 2471 944 2559 ⁵)
979 2491 1139 2561 quoque,
1173 2472 1329 2540 Gerhard
1344 2471 1394 2560 ⁶),

276 2714 294 2779 1)
313 2713 385 2765 Vide
403 2729 486 2781 supra
503 2713 562 2765 Lib.
584 2714 632 2766 ΙΙΙ
653 2716 666 2780 5
685 2717 711 2766 8.

275 2801 295 2868 ⁹)
322 2802 464 2854 Bdttioher
492 2804 529 2869 (p.
559 2803 620 2868 105)
648 2801 758 2870 quidem
787 2802 820 2854 de
845 2801 990 2854 arboribus
1016 2801 1056 2854 ita
1075 2802 1178 2855 ornatis
1196 2803 1329 2871 loquitur,
1347 2803 1394 2855 sed

239 2891 363 2959 picturae
389 2892 543 2945 vaseulares
568 2891 602 2943 ab
628 2907 659 2943 eo
677 2891 777 2944 allatae
796 2891 881 2958 palos,
901 2891 1052 2959 Dionysum
1070 2895 1314 2958 repraesentantes,
1333 2908 1394 2960 per·

240 2996 306 3033 sona
325 2980 446 3032 restibus
466 2981 549 3032 ramis
569 2980 725 3045 instructos,
745 2980 885 3032 exhibent.

193 3054 195 3057 ’
274 3068 295 3134 ³)
323 3067 510 3135 cureusosjeu
536 3086 562 3136 p.
590 3071 653 3120 137:
682 3068 822 3121 wanrenu
841 3068 962 3121 nemim
981 3069 1123 3122 Bottieher
1143 3070 1168 3123 s.
1189 3073 1239 3122 105
1260 3071 1304 3124 ore
1322 3072 1394 3124 nus-

239 3160 363 3226 slettung
390 3156 439 3209 der
467 3157 571 3209 Bbume
598 3157 638 3209 als
667 3156 857 3209 thterbilder,
878 3157 907 3207 in
931 3158 1144 3211 mensohliohem
1163 3159 1282 3211 Habitus
1300 3160 1330 3211 in
1350 3160 1394 3212 die

238 3246 298 3298 Zeit
317 3262 365 3298 ror
385 3246 433 3298 der
453 3245 581 3315 Stiftungr
596 3262 648 3298 von
668 3245 890 3313 Tempelbildern
910 3249 1035 3312 versetzt
1051 3247 1099 3299 bin
1116 3247 1395 3318 ichfestfiberzeugt‚

239 3335 300 3388 dass
318 3336 357 3387 sie
376 3335 515 3388 durchaus
534 3352 586 3387 nur
605 3335 652 3386 der
670 3335 730 3386 Zeit
749 3334 797 3386 der
815 3335 1145 3402 anthropomorphisohen
1162 3335 1394 3392 Gdtterbildnerei

238 3425 442 3492 zuzusprechen
460 3425 505 3477 ist.
530 3426 575 3477 An
594 3424 650 3476 und
668 3424 714 3476 fiir
732 3424 791 3476 sich
810 3423 879 3475 wird
899 3441 961 3476 man
980 3425 1037 3477 dies
1057 3426 1182 3480 Letztere
1197 3427 1238 3479 als
1255 3428 1394 3481 natiirlieh

238 3514 425 3579 anerkennen,
452 3513 486 3564 da
501 3514 533 3580 ja
553 3512 841 3581 uothwendigerweise
860 3512 906 3564 die
925 3513 990 3565 Idae
1009 3530 1061 3565 ron
1081 3515 1128 3566 der
1146 3515 1395 3585 Menschengestalt

238 3601 286 3654 der
314 3600 410 3654 Glitter
429 3602 458 3653 in
477 3601 788 3670 menaehengestaltigen
808 3601 922 3654 Bilderu
940 3602 1082 3671 hegennen
1100 3603 1190 3656 haben
1209 3608 1325 3670 musste,
1344 3606 1395 3657 eho

238 3707 301 3742 man
325 3691 376 3742 aul
400 3691 453 3744 den
472 3690 620 3742 Godanhen
638 3690 765 3742 hommen
783 3690 901 3756 honnte‚
920 3689 972 3742 den
991 3691 1112 3760 heiligen
1130 3692 1218 3744 Baum
1237 3693 1324 3753 durch
1343 3693 1394 3745 Be-

238 3780 371 3849 kleidung
398 3780 454 3832 und
482 3780 576 3833 Maske
605 3762 825 3846 menschenartig
852 3796 887 3830 zu
911 3780 1047 3848 gestslten
1072 3781 1128 3832 und
1153 3782 1234 3835 somit
1253 3782 1305 3834 den
1324 3798 1393 3850 ganz

238 3868 325 3921 durch
345 3868 389 3920 die
408 3868 500 3921 Kunst
518 3867 709 3937 geschaffenen
728 3866 935 3919 Giitterbildern
953 3869 1156 3922 anzunahern.’'
1203 3899 1205 3907 ,

273 3959 294 4024 4)
323 3958 429 4011 Ibidem
457 3976 503 4026 pp.
532 3960 682 4010 loe-171:
714 3957 852 4024 „Niemals
879 3956 944 4008 aber
969 3957 1047 4009 hatte
1072 3958 1132 4011 hier
1157 3958 1218 4011 eine
1243 3959 1395 4013 theilrreise

238 4047 450 4116 Umgestaltung
484 4048 530 4100 des
563 4049 637 4099 alten
667 4046 865 4099 anikonisohen
893 4047 1024 4098 Zeiohens
1053 4046 1091 4098 im
1121 4046 1204 4099 Sinna
1232 4046 1279 4099 des
1306 4063 1394 4101 neuen

239 4135 567 4203 Anthropomorphismus
585 4140 711 4204 geniigeu
731 4135 848 4202 kdnnen,
868 4136 940 4186 donn
959 4135 1109 4188 theilweise
1125 4136 1307 4202 mensohlioh,
1324 4140 1394 4190 etwa

239 4240 290 4276 nur
318 4225 369 4276 mit
395 4224 483 4276 einem
507 4224 711 4276 menschliehen
729 4224 819 4292 Kopfe
838 4225 978 4290 versehen,
998 4226 1047 4276 hat
1066 4225 1146 4277 keine
1165 4224 1244 4277 Stufe
1262 4224 1310 4276 der
1328 4226 1393 4278 reli·

238 4313 332 4381 gidsen
351 4313 562 4382 Entwickelung
573 4312 617 4364 die
627 4312 751 4364 Gottheit
759 4313 788 4380 je
797 4313 976 4381 aufgefasst.'‘
987 4313 1028 4365 cf.
1039 4312 1137 4366 Orerb.
1148 4313 1255 4365 Plastilr
1265 4314 1280 4365 Ι
1290 4316 1323 4365 35
1334 4330 1392 4383 sqq.

273 4400 295 4467 ⁶)
313 4401 455 4468 Thiersch,
473 4401 600 4469 Epoohen
620 4418 665 4469 pp.
687 4405 719 4453 19
738 4418 796 4470 sqq.

274 4490 294 4553 ⁰)
313 4489 446 4556 Gerhard,
466 4489 619 4559 Hyperbor.
640 4489 716 4543 Stud.
736 4491 767 4544 ΙΙ
787 4493 845 4543 206.
