3442 5175
795 409 840 477 63

232 602 270 667 in
290 621 413 669 saxum
436 601 524 669 illud
548 602 661 670 solum
685 603 861 691 quadrare
885 608 1045 692 putasse,
1069 606 1176 694 atqim
1199 607 1404 694 peregrinae

232 724 326 790 voris
348 725 422 791 veri
442 745 565 794 sensus
588 727 713 794 oblitos
736 726 900 815 frigidam
924 726 1021 793 illam
1039 727 1292 796 derivationem
1304 730 1403 797 inve-

231 846 333 914 nisse.
354 846 527 925 Quocirca
548 868 669 917 vocem
688 858 888 934 ,,βαίιυίος”
900 851 972 917 sive
985 858 1199 934 ,,βαιιυίιον”
1210 851 1255 918 ad
1267 852 1404 920 nullum

232 967 447 1038 Graecorum
471 971 622 1059 lapidem
647 978 908 1041 sacrosanctum
932 974 1109 1088 pertimere
1132 980 1229 1062 pute.
1302 1037 1304 1042 .

276 1224 371 1312 §aa
396 1226 458 1315 [2].
494 1228 551 1295 De
583 1227 799 1296 umbilico
831 1227 1061 1316 Delphico.

277 1348 378 1416 Paus.
411 1350 443 1416 X
475 1348 538 1435 16,
570 1349 601 1419 3.
632 1362 686 1418 τόν
713 1356 747 1417 δὲ
769 1359 833 1417 δπὸ
860 1356 992 1436 Δελφῶν
1014 1358 1217 1437 καλούμενον
1240 1362 1402 1439 ὀμφαλόν,

230 1479 332 1540 λίθου
362 1471 579 1561 πεποιημένον
609 1482 737 1556 λευκοῦ,
770 1486 860 1543 τοῦτο
893 1485 976 1543 εἰναι
999 1486 1033 1543 τὸ
1056 1485 1200 1562 ἐνμέσῳ
1223 1491 1279 1562 γῆς
1300 1488 1405 1565 πάσης

232 1605 323 1664 αἰτσί
345 1605 498 1682 λέγουσιν
522 1609 554 1665 οἰ
579 1602 706 1682 Δελφοί.

276 1719 390 1788 Strab.
422 1720 472 1788 IX
502 1720 534 1800 3,
566 1721 598 1787 6.
633 1727 792 1789 δείκνυται
824 1727 858 1788 δέ
888 1735 943 1790 καί
974 1729 1123 1807 ὀμφαλός
1146 1751 1190 1801 τις
1213 1732 1248 1789 έν
1271 1734 1312 1807 τῷ
1335 1734 1404 1808 ναῷ

231 1853 472 1930 τεταινιωμένος
494 1857 550 1912 καί
574 1853 626 1912 ἐπ’
649 1854 733 1929 αὐτῷ
757 1855 792 1912 αἰ
817 1850 874 1912 δύο
898 1855 1017 1924 εἰκόνες
1039 1859 1094 1914 τοῦ
1115 1853 1235 1931 μόθου.

277 1966 389 2034 Schol.
410 1968 554 2035 Lucian.
576 1968 619 2035 de
643 1967 764 2048 Saliae,
787 1965 841 2034 38.
866 1975 1017 2054 λέγουσιν
1040 1978 1075 2035 ἐν
1098 1975 1232 2054 Δελφοῖς
1252 1976 1404 2054 ὀμφαλὸν

232 2101 315 2158 εἰναι
334 2100 387 2158 ἐπὶ
403 2103 458 2159 τοῦ
470 2097 609 2177 ἐδάφους
620 2104 675 2159 τοῦ
687 2105 748 2160 νεὼ
760 2106 815 2161 καί
827 2106 900 2181 περὶ
913 2103 1010 2161 αὐτόν
1022 2102 1132 2170 ἀετοὺς
1143 2100 1326 2180 γέγραφθαι
1338 2102 1404 2160 άπὸ

232 2220 413 2293 συνθέσεως
431 2221 549 2297 λίθων,
575 2228 630 2283 καί
654 2228 744 2283 τοῦτο
768 2224 911 2302 ἔφασκον
933 2228 967 2284 τό
990 2225 1091 2302 μέσον
1115 2224 1243 2302 ἁπάσης
1264 2229 1316 2302 τῆς
1338 2230 1401 2301 γῆς.

276 2336 389 2405 Schol.
424 2336 465 2404 ad
499 2337 601 2404 Pind.
632 2337 735 2425 Pyth.
767 2337 814 2406 IV
844 2337 877 2406 4.
901 2347 998 2425 λόγος
1021 2367 1065 2418 τις
1087 2351 1226 2417 τοιοῦτος
1248 2352 1402 2426 περιηχεῖ,

232 2471 279 2528 ότι
321 2470 339 2529 δ
374 2468 453 2540 Ζεδς
485 2472 520 2529 τὸ
561 2471 753 2546 μεσαίτατον
792 2476 844 2548 τῆς
879 2472 1067 2551 οἰκουμένης
1100 2468 1405 2551 καταμετρησασθαι

230 2593 408 2673 βουληθεὶς
437 2598 526 2665 ἰσους
557 2597 694 2655 κατὰτὸ
717 2595 813 2673 τάχος
837 2597 947 2666 άετοὺς
970 2596 1005 2655 ἐκ
1028 2593 1146 2666 δύσεως
1169 2599 1223 2654 καί
1246 2592 1405 2670 ἀνατολῆς

231 2719 362 2795 ἀφῆκεν·
387 2721 419 2778 οἱ
443 2715 477 2777 δέ
494 2715 695 2795 δι’ἰπτάμενοι
715 2718 892 2778 συνέπεσον
913 2717 1073 2795 ἀλληλοις
1084 2721 1164 2778 κατὰ
1175 2721 1231 2794 τὴν
1243 2715 1402 2789 Πυθῶνα,

231 2843 310 2900 ὥστε
344 2844 399 2918 την
434 2842 619 2918 σόμπτωσιν
653 2840 774 2922 δρίζειν
808 2840 925 2900 αὐτόθι
961 2846 1013 2918 τῆς
1043 2840 1121 2919 ὅλης
1152 2839 1339 2917 οἰκουμένης
1369 2839 1404 2897 τὸ

230 2965 430 3041 μεσαίτατον·
473 2966 604 3045 ὕστερον
646 2963 680 3023 δέ
727 2970 860 3044 σημεῖον
893 2969 948 3026 τοῦ
981 2966 1145 3042 γεγονότος
1178 2968 1232 3023 καί
1266 2964 1404 3043 χρυσοῦς

231 3089 341 3160 άετοδς
362 3090 603 3160 κατασκευάσας
626 3088 766 3167 ἀνέθηκε
789 3092 830 3165 τῷ
853 3092 909 3148 τοῦ
930 3087 1013 3149 θεοῦ
1036 3088 1168 3165 τεμένει.

275 3209 407 3282 Ἄλλως·
427 3213 474 3271 δτι
493 3212 557 3272 δπό
578 3210 649 3283 Διὸς
668 3212 840 3291 ἀφεθέντες
859 3214 894 3272 ἐκ
914 3217 975 3273 τῶν
986 3212 1131 3292 περάτων
1143 3215 1195 3288 τῆς
1206 3215 1261 3287 γῆς
1273 3209 1403 3269 συνέπε-

231 3351 289 3393 σον
318 3335 479 3409 ένταῦθα,
503 3340 558 3396 καί
581 3337 679 3407 οὕτως
703 3334 852 3414 ἐγνώσθη
876 3338 910 3395 τό
932 3336 1034 3414 μέσον
1056 3340 1108 3412 τῆς
1130 3339 1193 3412 γῆς.
1221 3334 1266 3393 ὧν
1285 3333 1404 3402 εἰκόνες

231 3459 262 3516 οἰ
295 3463 411 3536 χρυσοῖ
444 3459 604 3519 ἀνέκειντο
634 3462 724 3539 παρά
753 3461 807 3519 τόν
837 3459 990 3537 ὀμφαλὸν
1017 3459 1113 3532 άετοί,
1137 3457 1288 3538 ἥφθησαν
1312 3453 1346 3514 δὲ
1369 3456 1404 3514 ἰν

231 3583 272 3656 τῷ
295 3577 427 3657 Φωκικῷ
450 3580 593 3659 πολέμῳ,
618 3582 656 3641 ὃν
678 3579 866 3661 Φιλόμηλος
889 3585 1111 3660 συνεστήσατο.

277 3695 426 3783 Hesych.
461 3718 488 3764 s.
525 3698 639 3779 Τοξίου
673 3704 800 3780 βουνός
836 3711 891 3767 καί
923 3707 941 3766 δ
967 3704 1122 3784 -όμφαλδς
1153 3708 1205 3781 τῆς
1227 3708 1283 3780 γῆς
1305 3703 1403 3780 τάφος

231 3828 296 3887 ἐστι
319 3832 374 3887 τοῦ
396 3824 568 3900 Πύθωνος.
593 3820 644 3888 Of.
668 3821 768 3888 Varr.
794 3821 831 3888 L.
857 3821 896 3888 L.
920 3820 984 3888 VII
1008 3820 1063 3889 69.

277 3943 412 4010 Tatian.
437 3963 465 4010 e.
490 3943 549 4011 Gr.
574 3943 667 4025 VIII,
687 3941 763 4011 951.
784 3953 802 4010 δ
822 3950 856 4011 δὲ
876 3951 1025 4031 ὀμφαλὸς
1044 3953 1142 4030 τάφος
1160 3952 1224 4011 έστί
1237 3947 1400 4010 Διονύσου.

276 4066 325 4133 ef.
346 4041 471 4133 aesia
493 4066 594 4134 aum.
615 4066 679 4151 ω,
698 4065 761 4150 aa
783 4066 943 4155 Sophocl.
963 4066 1046 4135 eea.
1068 4064 1108 4133 a.
1128 4065 1212 4148 8973
1230 4066 1311 4133 aur.
1330 4063 1402 4131 lon.

232 4187 315 4271 2223
339 4188 439 4256 Pind.
464 4189 567 4277 Pyth.
592 4189 638 4257 IV
664 4189 703 4275 4,
727 4188 812 4275 131,
832 4190 879 4257 VI
902 4187 941 4271 3,
965 4188 1048 4257 VIII
1068 4189 1129 4275 85,
1148 4189 1197 4256 XI
1216 4187 1278 4270 17,
1302 4187 1402 4255 Nem.

233 4310 296 4378 VII
316 4310 378 4395 493
400 4311 492 4380 Plut.
513 4312 562 4378 De
582 4311 704 4379 desect.
725 4332 817 4379 orac.
836 4311 876 4395 1;
898 4311 1012 4378 Sehol.
1033 4311 1139 4398 Soph.
1158 4305 1241 4378 Oed.
1264 4311 1304 4377 R.
1318 4308 1402 4394 4803

234 4433 345 4502 Schol.
369 4435 451 4504 Eur.
477 4435 535 4503 Or.
559 4433 637 4501 330.
