3442 5175
809 396 854 463 29

238 593 421 661 societates
440 591 533 659 tueri
545 611 645 680 posse
657 592 825 660 videntur
835 591 875 679 ¹).
890 591 1121 678 Germanosf)
1135 611 1277 679 quoque
1290 611 1413 659 cerau-

240 715 315 783 nias
349 715 425 783 illas
460 715 606 784 coluisse
642 715 731 783 Saxo
768 715 1028 784 Grammaticus
1038 716 1066 804 3)
1091 721 1259 784 testatur:
1286 718 1415 786 »Cuius

242 859 403 928 »operam
430 840 588 908 valenter
611 840 742 908 editam
766 842 940 908 consimili
963 841 1148 930 probitatis
1166 861 1294 930 genere
1313 861 1413 910 emu-

243 973 354 1031 »latus
375 964 541 1053 MagnuS,
561 965 655 1032 inter
680 969 796 1033 cetera
820 965 1072 1053 trophaeorum
1095 986 1240 1034 suorum
1263 967 1414 1055 iusignia

242 1088 421 1156 »inusitati
443 1087 607 1175 ponderis
638 1088 796 1175 malleos,
828 1110 916 1177 quos
945 1088 1094 1158 Joviales
1118 1090 1414 1180 vocabant,apud

243 1211 457 1280 »insularum
493 1213 671 1301 quandam
707 1214 822 1302 prisca
852 1215 1009 1282 virorum
1033 1216 1201 1304 religione
1224 1216 1353 1299 cultoS,
1377 1218 1413 1284 in

243 1336 413 1424 »patriam
455 1336 689 1426 deportandos
724 1338 873 1405 curavit.
909 1338 1060 1427 Cupiens
1095 1340 1189 1407 enim
1224 1341 1414 1428 antiquitas

243 1459 499 1528 »tonitruorum
534 1480 657 1529 causas
689 1461 819 1530 usitata
850 1481 970 1529 rerum
1001 1461 1230 1531 similitudine
1254 1484 1413 1553 compre-

242 1582 432 1669 »hendere,
469 1584 629 1671 malleos,
661 1586 789 1674 quibus
823 1586 911 1654 coeli
945 1586 1100 1675 fragores
1124 1588 1208 1655 cieri
1231 1588 1414 1673 credebat,

242 1706 396 1795 »ingenti
431 1728 510 1776 aere
541 1708 722 1797 complexa
753 1709 901 1777 fuerat.'’
927 1709 1093 1778 Necnon
1118 1711 1348 1798 Marbodus4)
1371 1712 1413 1779 de

240 1832 404 1900 ceraunia
428 1832 472 1899 de
491 1832 585 1901 coelo
609 1832 750 1921 delapsa
768 1832 942 1923 loquitur:
957 1832 1046 1911 »Qui
1059 1839 1152 1902 caste
1164 1835 1256 1923 gerit
1268 1835 1414 1922 hunc,a

242 1954 408 2022 »fulmine
427 1976 498 2024 non
518 1956 681 2044 ferietur,
701 1979 765 2026 nec
785 1958 910 2027 domus
930 1965 991 2027 aut
1004 1959 1103 2043 ville,
1125 1959 1253 2047 quibus
1274 1957 1414 2027 alluerit

242 2078 349 2168 »lapis
372 2080 462 2148 ille.’'
488 2081 593 2170 Apud
614 2083 776 2172 antiquos
796 2083 943 2151 eandem
964 2083 1248 2171 superstitionem
1261 2083 1413 2172 viguisse

240 2224 282 2271 ex
305 2205 400 2273 hisce
424 2205 529 2274 Plinii
537 2207 564 2293 ⁵)
584 2207 701 2276 verbis
724 2207 816 2276 clare
836 2214 1000 2297 apparet:
1023 2207 1190 2277 »Sotacus
1210 2212 1245 2275 et
1264 2208 1332 2275 alia
1344 2208 1413 2276 duo

242 2350 391 2418 »genera
413 2331 496 2398 fecit
518 2333 724 2413 cerauniae,
749 2332 871 2420 nigrae
895 2331 1124 2420 rubentisque
1149 2351 1189 2400 ac
1212 2331 1343 2400 similes
1355 2352 1414 2400 eas

242 2475 336 2523 »esse
370 2456 568 2525 securibus:
603 2475 646 2524 ex
680 2456 752 2540 his,
788 2476 879 2545 quae
915 2457 1036 2545 nigrae
1071 2456 1141 2524 sint
1165 2460 1200 2524 et
1222 2456 1412 2541 rotundae,

241 2600 378 2649 »sacras
408 2601 500 2667 esse,
524 2581 629 2651 urbes
652 2602 715 2671 per
737 2581 814 2651 illas
838 2582 1033 2672 expugnari
1056 2588 1091 2649 et
1115 2581 1259 2664 classes,
1283 2602 1412 2671 easque

241 2705 397 2775 »betulos
422 2708 555 2775 vocari:
580 2728 670 2795 quae
694 2727 777 2776 vero
800 2707 924 2796 longae
944 2708 1036 2791 sint,
1056 2707 1249 2775 ceraunias.
1263 2706 1412 2776 Faciunt

241 2835 296 2898 »et
319 2830 424 2898 aliam
448 2851 565 2899 raram
588 2831 796 2917 admodum,
820 2837 855 2898 et
868 2850 1051 2920 magorum
1064 2830 1190 2899 studiis
1202 2832 1411 2919 expetitam,

241 2955 427 3043 »quoniam
473 2976 544 3023 non
578 2955 687 3024 aliubi
721 2956 941 3038 Inveniatur,
978 2975 1084 3043 quam
1107 2956 1142 3022 in
1168 2955 1242 3023 loco
1265 2954 1411 3022 fulmine

241 3079 351 3148 »icto''
365 3080 404 3168 θ).

283 3205 301 3294 5
323 3204 378 3274 34.
402 3206 547 3273 Praeter
570 3205 657 3273 haec
675 3204 832 3293 lapidum
852 3223 1032 3272 sacrorum
1052 3223 1180 3292 genera
1200 3204 1411 3273 aveteribus

277 3490 296 3558 1)
315 3491 431 3544 Wilken
450 3489 513 3543 1.l.=
535 3489 624 3557 „Deae
644 3492 756 3542 steenen
775 3489 901 3555 worden,
921 3488 962 3543 als
982 3489 1410 3558 methorennatuurlijlremaoht

240 3579 370 3649 begaafd,
399 3579 466 3632 door
485 3579 538 3632 den
558 3579 686 3632 inlander
705 3582 761 3631 met
780 3578 982 3647 bijgeloovigen
1001 3578 1112 3631 eerbied
1132 3578 1297 3632 beschouud
1315 3595 1350 3631 en
1369 3581 1410 3632 als
1512 3623 1514 3625 .

239 3669 338 3721 fetisen
358 3669 528 3738 cangeuend
547 3671 589 3721 tot
608 3667 801 3736 bescherming
821 3684 875 3720 van
894 3684 1029 3736 personen
1049 3683 1083 3719 en
1102 3668 1383 3736 gemeenschappen.’‘

276 3759 296 3826 ²)
316 3759 358 3813 cf.
378 3758 494 3825 Grimm,
514 3758 653 3811 Deutsche
671 3757 844 3827 Mythologie
863 3758 908 3809 ΙΙ4
926 3773 986 3826 cap.
1006 3760 1040 3810 37
1059 3774 1086 3825 p.
1107 3760 1183 3809 1021.

274 3846 294 3915 ³)
315 3848 386 3902 Saxo
406 3848 527 3901 Gramm.
547 3848 624 3900 XIII
644 3848 695 3899 236
715 3847 752 3914 (p.
771 3850 820 3899 421
843 3846 969 3913 Holder).

274 3938 295 4004 ⁴)
313 3938 437 3991 Marbod.
455 3938 496 3990 De
515 3937 656 4005 lapidibus
674 3952 734 4004 cap.
755 3940 788 3989 28
808 3952 860 3989 vsa.
880 3938 1031 3989 410-417.
1049 3935 1160 3987 Primus
1176 3951 1271 3988 versus
1287 3935 1410 3989 indicare

239 4026 362 4094 videtur,
382 4027 416 4080 de
435 4028 556 4080 amuleto
577 4027 623 4079 hio
642 4041 795 4079 sermonem
814 4041 890 4092 esse;
909 4025 987 4077 aliud
1006 4025 1093 4093 igitur
1113 4025 1307 4078 cerauniorum
1323 4042 1410 4095 genus

240 4115 369 4183 fortasse,
388 4134 405 4169 a
425 4117 567 4170 securibus
586 4117 644 4169 illis
663 4132 776 4184 prorsus
794 4115 933 4181 alienum,
953 4115 1134 4184 significatur.

274 4204 295 4270 ὃ)
315 4206 387 4258 Plin.
408 4206 481 4258 Hist.
502 4206 566 4258 Nat.
586 4205 732 4258 XXXVII
751 4209 794 4258 51.

274 4292 296 4359 ⁰)
315 4293 357 4346 Of.
376 4294 495 4347 Michele
515 4294 548 4346 de
568 4294 662 4360 Rossi,
682 4295 754 4345 Anu.
774 4293 808 4345 do
826 4293 917 4346 l’Inst.
937 4294 1013 4346 arch.
1034 4292 1163 4345 XXXIX
1183 4296 1198 4361 ἓ
1219 4297 1248 4361 1;
1265 4294 1409 4347 1161161-

239 4385 330 4447 munt,
360 4384 411 4435 Les
430 4381 581 4451 premieres
601 4383 785 4436 civilisations
805 4383 820 4434 I
839 4400 868 4451 p.
887 4385 952 4448 1713
972 4383 1061 4450 idem,
1079 4383 1175 4435 Rerna
1196 4383 1229 4434 da
1241 4383 1342 4435 ⁴l'Hist.
1362 4384 1409 4435 des

239 4468 299 4522 Rel.
320 4474 404 4537 1881,
424 4472 472 4523 III
493 4489 539 4540 pp.
558 4473 592 4523 47
612 4489 687 4540 sqq.;
707 4471 836 4524 Daremb.
856 4475 884 4523 et
904 4471 997 4541 Sagllo
1017 4489 1038 4524 s.
1059 4489 1084 4524 v.
1104 4471 1246 4541 Bcetylla,
1266 4488 1293 4539 p.
1313 4475 1372 4523 646.
