3442 5175
277 1009 431 1099 Thucyd.
456 1008 471 1076 Ι
495 1005 579 1097 130,
601 1010 640 1078 2:

275 1148 329 1204 καί
362 1148 399 1223 τῇ
432 1145 510 1224 ὀργῇ
543 1144 623 1203 οίίτω
655 1142 784 1224 χαλεπῇ
818 1144 931 1223 ἐχρῆτο
963 1145 995 1214 ἐς
1026 1144 1147 1216 πάντας
1161 1115 1294 1222 Ῐὸμοίως
1318 1148 1396 1206 ὥστε

229 1263 352 1348 μηδένα
375 1263 538 1328 δύνασθαι
561 1268 738 1349 προσιέναι.

275 1384 397 1473 Neque
429 1384 701 1471 HerwerdenUS‚
726 1384 787 1472 qui
811 1384 949 1452 dubitat
972 1405 1017 1451 an
1040 1394 1071 1464 ἐς
1093 1386 1130 1452 In
1153 1397 1232 1475 πρὸς
1254 1391 1395 1453 mutan·
1513 1421 1515 1426 ·

231 1508 315 1575 dum
335 1509 389 1588 sit,
409 1529 523 1597 neque
543 1509 690 1598 Krijger,
711 1509 771 1597 qui
791 1529 912 1577 vocem
931 1515 1094 1579 ίσναοθαι
1114 1509 1215 1595 delet,
1228 1510 1396 1597 sequendi

230 1639 329 1716 sunt3
353 1640 469 1702 textus
491 1634 642 1701 traditus
665 1633 868 1701 retinendus
891 1639 953 1702 est.

760 1899 869 1969 XXX.

275 2097 431 2186 Thucyd.
456 2094 579 2177 1132,
604 2096 643 2163 2:

274 2232 417 2307 ὑποψίας
450 2227 485 2288 ὅὲ
513 2228 641 2300 πολλὰς
670 2234 804 2311 παρεῖχε
834 2234 870 2310 τῇ
899 2249 930 2289 τε
959 2232 1148 2312 παρανομίᾳ
1178 2236 1232 2291 καί
1256 2230 1394 2312 ζηλώσει

229 2360 291 2414 τῶν
322 2354 498 2436 βαρβάρων
530 2359 576 2432 μὴ
610 2357 677 2425 ίσος
709 2352 892 2429 βούλεσθαι
928 2357 1011 2415 είναι
1042 2360 1105 2427 τοῖς
1134 2360 1274 2437 παροῦσι
1303 2358 1341 2416 τοί
1365 2379 1396 2417 τε

230 2477 319 2538 ἄλλα
343 2480 442 2539 αὐτοῦ
465 2480 665 2539 ἀνεσκοποσν
687 2480 716 2537 εί
738 2480 767 2537 τί
789 2497 852 2537 πον
876 2475 1084 2560 ἐξεὸεὸιῄτητο
1106 2484 1168 2540 τῶν
1186 2481 1395 2543 καθεστώτων

228 2607 375 2684 νομίμων
404 2610 459 2665 καί
490 2606 536 2666 ὅτι
566 2605 619 2665 ἐπί
650 2607 704 2664 τὸν
734 2600 867 2684 τρίποὸά
897 2623 972 2663 ποτε
995 2608 1048 2665 τὸν
1071 2608 1106 2666 έν
1128 2605 1262 2686 Δελφοῖς
1284 2627 1311 2667 κ.
1325 2630 1348 2667 τ.
1361 2609 1392 2669 λ.

274 2724 348 2792 Vox
378 2735 432 2791 καί
463 2722 578 2812 potius
609 2726 687 2810 post
717 2741 835 2789 vocem
866 2733 1005 2810 παροῦσι
1038 2744 1143 2811 quam
1174 2733 1251 2813 post
1275 2746 1395 2793 vocem

230 2860 312 2918 είνατ
337 2848 443 2936 (quod
469 2846 723 2915 Herwerdenus
746 2847 906 2934 coniecit)
931 2848 1114 2921 inserenda
1138 2855 1200 2917 est.

748 3114 874 3183 XXXI.

274 3313 429 3401 Thucyd.
454 3312 469 3379 I
493 3310 576 3398 132,
599 3311 637 3379 5:

272 3449 312 3524 ἢν
334 3446 465 3526 ψευσθῇ
488 3451 539 3523 τῆς
564 3443 655 3524 ὅόξης
677 3446 698 3522 ἢ
719 3450 774 3505 καί
797 3446 917 3516 ἐκεῖνός
939 3466 968 3505 τι
990 3447 1194 3527 μεταγράψαι
1218 3448 1340 3527 αἰτήσῃ.

274 3561 452 3630 Immerito
477 3562 732 3630 Herwerdenus
752 3582 872 3629 vocem
893 3561 1077 3647 &delevin
1096 3562 1203 3629 immo
1223 3582 1264 3628 ea
1277 3582 1394 3629 carere

230 3707 299 3756 non
323 3708 516 3777 possumus.

736 3935 880 4003 XXXII.

274 4134 354 4204 Eur.
380 4133 438 4204 Or.
464 4132 570 4202 1151:

493 4268 563 4337 ἑνὸς
585 4269 646 4347 γὰρ
668 4265 706 4325 οὗ
729 4264 902 4344 σφαλέντες
924 4256 1036 4343 ἕξομεν
1058 4263 1167 4340 κλέος,

491 4391 599 4462 καλῶς
620 4391 775 4462 θανόντες
796 4392 817 4467 ἢ
837 4388 945 4460 καλῶς
968 4391 1171 4468 σεσωσμένοι.

274 4507 452 4576 Immerim
475 4509 653 4578 Nauckius
676 4528 794 4575 vocem
819 4516 890 4587 ίνος
912 4508 948 4573 in
972 4512 1062 4575 ίοοῖν
1084 4513 1161 4574 mut
1183 4512 1208 4574 t.
