3442 5175
424 597 462 658 Ὠ
486 597 611 661 δέσποτ’
634 599 777 679 Ἀγυιεῦ,
802 605 900 661 ιαῦια
922 604 962 661 σὺ
983 601 1131 681 μέμνησό
1151 623 1224 680 μου.

294 721 443 802 Ἀγυιοίν,
468 727 522 784 ιὸν
546 725 724 799 στενωπόν,
749 722 909 803 Ξενοφῶν.

291 838 437 907 Pholius
468 860 528 907 s.v.
557 845 685 922 Λοξίας·
711 847 847 908 εἰώθασι
872 851 926 909 τὸν
949 851 1010 930 πρὸ
1033 853 1095 909 τῶν
1115 849 1228 930 θυρῶν
1251 847 1422 931 ίὸρυμένον

247 969 359 1048 βωμὸν
382 975 437 1031 τοῦ
460 968 669 1045 ’Λπόλλωνος
689 970 813 1048 Λοξίαν
836 977 891 1032 καί
916 970 1069 1034 Ἀπόλλω
1093 975 1344 1055 προσαγορεύειν
1367 981 1422 1035 καί

249 1091 369 1172 Ἀγυιοί.

291 1210 404 1279 Schol.
435 1213 472 1279 in
496 1212 615 1302 Eut‘ip.
641 1214 771 1282 Phoen.
795 1212 873 1282 631.
899 1220 1035 1301 Ἀγυιεῶ
1061 1222 1096 1281 ἐν
1119 1226 1183 1293 τοῖς
1205 1221 1421 1304 προπυλαίοις

246 1346 300 1403 καί
323 1345 496 1422 οἰκήμασιν
514 1342 678 1426 ίὸρυγιένε,
700 1348 747 1407 ὅτι
767 1348 821 1406 ιόν
842 1343 973 1424 ’Ἀγυιέα
985 1349 1047 1427 πρὸ
1059 1345 1173 1407 πυλῶν
1185 1349 1329 1422 ίσιασαν,
1342 1350 1421 1408 κίων

247 1463 281 1525 de
303 1469 393 1540 οὗτος
415 1470 455 1546 ἦν
479 1471 523 1541 είς
546 1471 602 1546 ὀξυ
624 1470 742 1549 λήγων.

291 1582 449 1651 Eustath.
474 1585 519 1652 ad
542 1585 580 1653 Il.
605 1585 643 1652 Β.
666 1584 721 1654 12.
747 1592 861 1673 Ἀγυιᾶ
885 1598 946 1677 γὰρ
965 1598 985 1673 ἡ
1007 1600 1121 1667 κοινῶς
1143 1594 1300 1674 λεγομένη
1324 1597 1417 1677 ῥύμη,

246 1713 340 1794 ἀφ’ῆς
373 1722 428 1777 καί
460 1715 621 1796 Ἀγυιεὺς,
653 1721 732 1780 κίων
756 1722 839 1800 ίερός
863 1717 1073 1792 ’Λπόλλωνος
1095 1722 1158 1800 πρὸ
1180 1719 1292 1800 θυρῶν
1314 1720 1418 1794 ἑστὼς,

244 1838 352 1918 λήγων
383 1844 427 1914 είς
458 1843 523 1918 diri.
557 1841 644 1923 Ἔφη
668 1841 703 1903 δέ
725 1864 770 1916 τις
794 1840 996 1921 Ἀγυιιίιιὸας
1017 1842 1238 1923 θεραπαίνας,
1262 1848 1334 1916 τοὺς
1356 1847 1419 1926 πρὸ

244 1963 355 2047 θυρῶν
376 1966 523 2045 βωμοὺς,
548 1971 581 2029 οἳ
600 1970 679 2049 πρὸς
700 1969 798 2050 χάριν
822 1965 972 2045 Ἀγυιέως
997 1965 1206 2039 ’Λπόλλωνος
1228 1964 1362 2049 ίὸρυνιο.

290 2082 440 2151 Macrob.
469 2083 609 2152 Saturn.
635 2084 650 2150 I
674 2083 713 2166 9,
739 2083 770 2153 6.
796 2084 954 2168 Etenim,
979 2083 1069 2151 sicut
1093 2083 1255 2172 Nigidius
1279 2104 1418 2174 quoque

245 2205 368 2288 refert,
404 2208 497 2296 apud
530 2207 679 2276 Graecos
711 2208 834 2298 Apollo
858 2208 985 2276 colitur
1008 2207 1070 2297 qui
1094 2213 1232 2298 Θυραῑος
1255 2214 1417 2294 vocatur3

245 2331 389 2420 eiusque
424 2351 503 2399 aras
538 2337 620 2399 ante
654 2331 746 2400 fores
777 2354 858 2402 snas
890 2332 1068 2401 celebrant
1098 2334 1214 2422 ipsum
1246 2333 1360 2401 exitus
1382 2339 1418 2401 et

243 2454 407 2524 introitus
429 2456 708 2525 demonstrantes
731 2462 922 2546 potentem.
947 2456 1044 2524 Idem
1074 2456 1198 2545 Apollo
1223 2456 1316 2545 apud
1340 2456 1417 2525 illos

243 2583 277 2647 et
315 2585 456 2668 Ἀγυιεὺς
491 2586 734 2670 nuncupatur,
769 2581 869 2671 quasi
904 2581 970 2649 viis
1005 2578 1224 2669 praepositus
1255 2579 1416 2667 urbanis,

241 2702 291 2770 illi
314 2706 409 2772 enim
432 2706 525 2790 vias,
549 2727 639 2795 quae
658 2708 753 2775 intra
773 2707 950 2798 pomoeria
972 2710 1073 2792 sunt,
1093 2715 1208 2791 ἀγυιὰς
1228 2704 1414 2794 appellant.

286 2827 408 2896 Pollux
440 2828 564 2898 Onom.
598 2830 645 2899 IV
669 2828 743 2899 123.
769 2840 821 2900 ἐπί
844 2836 878 2899 δὲ
902 2844 953 2917 τῆς
973 2843 1089 2918 σκηνῆς
1107 2843 1163 2898 καί
1176 2838 1304 2916 ἀγυιεὺς
1315 2838 1415 2898 ἔκειτο

240 2961 349 3039 βωμὸς
372 2962 390 3020 ὁ
413 2963 475 3043 πρὸ
499 2965 560 3022 τῶν
575 2939 703 3044 θυρῶν.

285 3077 334 3145 Cf.
359 3077 395 3147 C.
416 3077 442 3147 I.
467 3079 506 3147 Α.
527 3078 578 3145 ΙΙΙ
598 3078 681 3146 l59:
706 3086 890 3150 Ἀπόλλωνι
907 3086 1025 3167 Ἀγυιεῖ
1036 3090 1090 3148 τὸν
1100 3087 1214 3165 βωμὸν
1225 3089 1255 3148 σί
1267 3086 1414 3169 πυλωροὶ

238 3205 387 3279 Λι....;
413 3200 448 3268 C.
473 3201 499 3270 Ι.
526 3202 566 3270 Α.
592 3202 642 3270 ΙΙΙ
665 3202 750 3286 177ς
775 3204 811 3274 C.
835 3204 861 3275 I.
887 3205 926 3273 G.
951 3203 1051 3272 2664.

284 3447 301 3536 ξ
323 3446 378 3518 23.
403 3448 504 3518 Locis
526 3450 635 3539 igitur
657 3451 752 3520 hisce
772 3457 1092 3521 commemorantur
1113 3457 1147 3519 et
1166 3473 1227 3520 ara
1246 3458 1281 3521 et
1301 3453 1411 3521 simu-

239 3569 383 3642 lacrum.
419 3574 494 3642 lam
526 3576 684 3664 quaestio
716 3581 769 3645 est
791 3581 912 3645 utrum
938 3577 1004 3644 liae
1028 3597 1084 3644 res
1107 3577 1249 3645 eaedem
1273 3578 1343 3644 sint
1366 3598 1410 3645 an

239 3697 349 3765 altera
379 3699 423 3767 ab
455 3699 565 3767 altera
595 3701 640 3768 sit
672 3699 929 3789 distinguenda.
956 3701 1029 3769 Hoc
1052 3701 1216 3790 opinatur
1239 3699 1411 3767 Wieseler

240 3820 348 3909 (dnn.
385 3823 417 3891 d.
453 3822 479 3890 Ι.
515 3821 621 3897 1858.
655 3823 722 3892 ⁸222
757 3826 869 3915 σίγα),
904 3824 990 3893 illud
1025 3823 1204 3893 Ouerbeck
1238 3823 1286 3913 (p.
1319 3822 1410 3909 158).

239 3945 410 4036 Equidem
445 3968 516 4016 non
549 3948 638 4017 bene
669 3948 844 4038 intellige,
875 3949 1048 4039 quomodo
1077 3954 1135 4017 tus
1158 3948 1193 4015 in
1218 3966 1305 4016 cono
1328 3947 1411 4036 poni

237 4073 406 4160 potuerit,
427 4074 520 4141 utin
541 4074 709 4142 honorem
740 4074 795 4143 dei
820 4078 1054 4157 cremaretur,
1078 4092 1142 4140 nec
1165 4077 1284 4139 tamen
1307 4070 1410 4138 oredo

238 4202 273 4263 et
307 4196 534 4265 simulacrum
569 4203 605 4266 et
640 4218 755 4280 aram,
787 4197 890 4267 ambo
922 4203 1053 4285 Ἀγυιέα
1083 4201 1303 4285 nuncupata,
1327 4200 1408 4262 ante

237 4320 359 4388 ianuas
391 4322 538 4389 stetisse.
572 4321 732 4390 Fortasse
756 4321 928 4390 obeliscus
951 4341 1113 4411 supreme
1136 4318 1231 4387 bulla
1255 4318 1407 4407 quadam

237 4444 391 4534 (Knopf)
406 4446 548 4535 planam
560 4446 780 4536 superficiem
792 4446 944 4514 habente
956 4447 1149 4514 instructus
1163 4449 1248 4528 erat,
1261 4448 1301 4510 ut
1313 4441 1408 4510 Orici
