3442 5175
894 410 938 478 lo

331 604 514 672 universae
544 604 582 671 in
613 604 831 692 singulorum
864 605 1010 673 deorum
1042 606 1153 674 tutela
1183 627 1257 674 esse
1280 610 1501 694 putarentur.

332 728 436 816 Apud
482 728 633 795 Graecos
665 727 806 815 quidem
839 728 997 796 diversae
1029 731 1160 818 species
1193 730 1253 797 uni
1286 730 1350 797 deo
1385 749 1505 796 sacrae

332 858 451 938 erant,
481 853 541 919 sed
572 852 608 918 id
639 851 785 919 tortasse
807 852 858 918 ita
882 853 1126 941 explicandum
1151 859 1219 936 est,
1245 860 1285 922 ut
1308 852 1506 942 complures

331 978 450 1065 genios
473 977 546 1045 sive
570 976 652 1043 deos
671 976 708 1042 in
728 997 836 1043 unum
859 976 965 1045 deum
986 979 1153 1047 conflatos
1173 999 1247 1046 esse
1267 979 1504 1046 coniiciamus.

376 1100 394 1188 ξ
428 1099 482 1166 15.
516 1099 736 1178 Quaesiverit
771 1100 964 1189 quispiam,
1001 1124 1071 1191 qua
1105 1104 1240 1171 ratione
1271 1103 1320 1170 dii
1351 1102 1506 1190 supremi

330 1225 514 1312 'geniorum
545 1224 752 1291 inferiorum
783 1246 930 1293 munera
953 1228 1129 1316 suscipere
1152 1230 1350 1316 potuerint,
1375 1229 1505 1317 quippe

332 1348 393 1435 qui
416 1367 558 1436 prorsus
582 1347 626 1414 ab
645 1348 688 1414 iis
707 1348 836 1416 diversi
855 1349 962 1417 fuisse
985 1351 1180 1419 videantur.
1204 1351 1372 1420 Attamen
1393 1351 1505 1439 gradu

332 1471 475 1559 quidem
505 1477 540 1540 et
571 1472 692 1539 ordine
723 1473 772 1540 dii
803 1475 1008 1542 excelsiores
1039 1475 1083 1542 ab
1114 1476 1338 1544 inferioribus
1364 1476 1505 1544 dillere·

331 1596 434 1677 bant,
466 1597 602 1664 ratione
633 1602 667 1664 et
699 1603 826 1666 natura
858 1619 927 1666 non
958 1599 1002 1666 ab
1034 1600 1076 1667 iis
1110 1601 1317 1689 segregandi
1340 1606 1432 1669 sunt.
1458 1602 1506 1669 Ut

292 1749 297 1828 ζ
332 1720 424 1787 enim
449 1721 568 1809 populi
591 1721 715 1789 inculti
738 1722 897 1791 nonnulli
921 1722 1081 1790 hodierni
1101 1724 1234 1791 coelum
1257 1724 1364 1792 solem
1384 1725 1505 1792 lunam

331 1848 463 1911 terram
497 1846 616 1913 fetissa
650 1846 799 1927 habent,
835 1867 926 1933 quae
960 1846 1161 1916 hominibus
1196 1854 1258 1917 aut
1288 1870 1412 1917 nocere
1444 1835 1527 1918 aut

332 1968 535 2037 adiumento
559 1991 633 2038 esse
656 1972 809 2060 possint,
832 1972 883 2038 ita
905 1971 1025 2059 populi
1049 1973 1153 2060 prisci
1174 1994 1314 2061 quoque
1334 1975 1505 2063 principio

332 2112 402 2159 non
433 2092 535 2160 aliter
566 2093 609 2161 de
640 2094 683 2161 iis
715 2097 885 2183 cogitasse
918 2096 1101 2183 videntur,
1131 2096 1295 2186 deinceps
1318 2102 1438 2164 tamen
1462 2098 1505 2165 ab

333 2215 427 2283 hisce
459 2216 586 2285 felissis
619 2219 775 2286 animum
809 2239 1009 2308 segregasse
1040 2220 1084 2286 ad
1114 2241 1220 2308 quem
1244 2221 1335 2288 hanc
1358 2222 1506 2289 nocendi

333 2344 395 2407 aut
425 2340 615 2408 adiuvandi
638 2339 841 2410 facultatem
861 2343 1124 2427 transtulerint3
1145 2344 1288 2411 tandem
1307 2346 1412 2413 tertio
1431 2346 1506 2414 loco

333 2463 438 2531 hosce
472 2465 606 2532 animos
636 2486 657 2531 a
687 2466 781 2533 coelo
812 2466 883 2534 sole
915 2468 999 2536 luna
1023 2473 1119 2535 terra
1142 2467 1244 2556 plane
1269 2469 1400 2537 solutos
1424 2470 1506 2536 deos

331 2588 408 2656 illos
432 2588 582 2656 excelsos
606 2589 714 2658 factos
737 2610 811 2658 esse
836 2593 898 2678 qui
921 2597 1034 2660 totum
1058 2592 1228 2660 mundum
1251 2598 1413 2681 regerent
1432 2595 1506 2660 reri

333 2717 386 2780 est
407 2712 625 2781 simillimum
639 2715 677 2803 1).

371 2975 391 3041 ¹)
410 2975 484 3027 Ante
502 2975 552 3026 hos
572 2975 630 3026 fere
648 2975 789 3043 octoginta
808 2989 894 3025 annos
913 2973 942 3025 Ο.
964 2973 995 3025 Ο.
1014 2972 1116 3025 Miller
1135 2973 1242 3041 primus
1265 2974 1506 3042 mythorumrati-

333 3080 412 3115 onem
431 3064 472 3115 ita
493 3063 634 3130 explicare
650 3066 764 3115 conatus
784 3066 839 3127 est,
859 3065 891 3113 61
910 3077 955 3113 eos
976 3062 1114 3114 effluxisse
1133 3065 1245 3130 putaret
1266 3078 1280 3114 c
1301 3064 1506 3131 certaquadam

333 3152 497 3220 populorum
518 3152 671 3220 priscorum
691 3151 831 3219 cogitandi
850 3151 972 3216 ratione,
993 3166 1048 3218 qua
1066 3152 1158 3202 omnia
1168 3167 1239 3219 quoe
1250 3152 1279 3202 in
1290 3155 1365 3204 terra
1375 3153 1507 3220 coeloque

334 3242 431 3292 fierent
450 3241 480 3292 iu
498 3240 607 3304 actione
627 3240 722 3307 aliqua
742 3243 881 3291 certarum
901 3254 1081 3306 personarum
1102 3241 1251 3291 consistere
1270 3241 1415 3292 crederent
1441 3242 1507 3292 Post

334 3330 499 3382 Muellerum
525 3328 573 3379 diu
599 3331 786 3395 regnaverunt
808 3328 962 3395 mythologi
985 3329 1033 3396 qui
1054 3329 1185 3380 dicuntur
1204 3330 1400 3396 comparativi:
1420 3330 1507 3380 Kuhn

334 3419 474 3471 Schwartz
503 3417 568 3469 Max
588 3416 689 3471 Miiller
708 3416 774 3481 alii,
794 3417 841 3483 qui
863 3417 973 3484 mythos
994 3416 1051 3468 fere
1070 3433 1164 3469 omnes
1184 3418 1354 3484 temporibus
1372 3418 1430 3468 illis
1449 3418 1506 3484 pri·

333 3509 402 3573 scis,
422 3507 523 3575 quibus
542 3506 626 3572 stirps
646 3504 868 3557 Indo-Germana
888 3506 1010 3557 nondum
1028 3506 1058 3556 in
1077 3506 1169 3558 varios
1189 3507 1304 3573 populos
1322 3506 1412 3557 divisa
1427 3508 1506 3572 essct,

334 3599 408 3648 ortos
427 3611 484 3647 esso
504 3593 723 3661 credebant-qua
742 3594 772 3645 in
789 3611 819 3645 re
830 3594 972 3645 nominum
983 3594 1167 3663 etymologias
1178 3593 1415 3662 fidebant-eosque
1425 3595 1507 3662 plano

334 3685 438 3736 referre
457 3700 489 3735 ea
508 3698 579 3747 quae
597 3682 628 3732 in
646 3683 721 3734 coelo
742 3685 769 3733 et
788 3684 818 3733 in
837 3685 901 3734 abrs
921 3683 1018 3735 fierent
1039 3683 1237 3750 perhibebant,
1258 3684 1298 3734 ita
1308 3687 1339 3735 ut
1351 3685 1381 3734 in
1390 3684 1426 3735 iis
1436 3700 1507 3751 quse

334 3773 368 3824 dc
387 3773 440 3824 diis
460 3775 487 3824 ot
506 3771 637 3823 heroibus
656 3771 752 3838 populi
772 3771 857 3838 prisci
880 3771 1073 3823 fabularentur
1088 3788 1176 3839 paene
1193 3772 1264 3823 nihil
1280 3774 1350 3824 esset
1366 3772 1419 3823 nisi
1433 3772 1506 3840 quod

333 3861 368 3913 ad
398 3864 486 3913 certas
514 3860 647 3928 quasdam
674 3876 717 3912 res
741 3876 811 3927 quae
837 3861 867 3910 in
886 3860 952 3912 solis
970 3864 1018 3912 aut
1038 3862 1120 3912 lunas
1139 3863 1202 3912 ortu
1222 3863 1271 3913 aut
1291 3876 1389 3912 occasu
1409 3861 1507 3912 fierent

334 3954 382 4001 aut
410 3950 445 4002 ad
473 3952 583 4013 ventos,
603 3948 720 4014 imbres,
741 3949 890 4014 tonitrum,
911 3949 1031 4015 fulmen,
1050 3949 1161 4016 pluvias
1180 3951 1325 4016 spectaret.
1349 3949 1396 3999 Dii
1417 3949 1506 4017 igitur

334 4039 393 4090 fere
415 4054 508 4090 omnes
527 4053 561 4089 ex
582 4037 658 4088 fonto
676 4037 725 4088 illo
745 4037 931 4104 mythologice
951 4053 1092 4089 emanasse
1111 4036 1310 4099 credebantur,
1332 4037 1400 4104 quin
1421 4037 1505 4088 etiam

334 4126 544 4193 superstitiones
572 4141 683 4191 prorsus
709 4125 743 4176 ab
769 4141 800 4177 eo
826 4126 948 4190 alienae,
973 4126 1050 4177 velut
1075 4125 1204 4178 arborum
1231 4126 1390 4190 veneratio,
1411 4125 1506 4176 eodem

335 4214 414 4265 modo
438 4213 661 4281 explicabantur.
686 4215 777 4266 Paene
802 4214 930 4266 funditus
956 4217 1048 4267 tamen
1074 4215 1325 4281 comparativorum
1352 4213 1505 4265 doctrinam

335 4304 466 4355 evertisse
490 4303 559 4354 mihi
586 4303 718 4354 ridentur
743 4302 763 4353 ii
783 4303 831 4370 qui
852 4303 983 4354 dicuntur
1004 4303 1213 4371 anthropologi:
1233 4301 1403 4354 Manchardt
1422 4302 1507 4370 Tylor

335 4392 413 4459 hang
433 4392 534 4443 Frazer
554 4392 618 4457 alii,
638 4391 686 4458 qui
706 4391 780 4443 clare
800 4392 994 4456 ostenderunt,
1014 4408 1029 4442 6
1047 4391 1213 4458 populorum
1232 4391 1399 4441 incultorum
1411 4407 1507 4458 super-

335 4480 495 4532 stitionibus
518 4484 602 4548 atque
628 4479 750 4530 cultibus
775 4480 877 4543 multa,
903 4495 973 4546 quae
998 4479 1089 4530 adhuc
1109 4479 1139 4530 in
1158 4480 1281 4544 antiquis
1301 4480 1405 4546 mythis
1424 4480 1507 4546 plane
