3442 5175
879 373 923 438 80

314 575 475 652 γενέσθαι·
508 575 690 654 κατηνέχθη
721 578 791 656 γὰρ,
823 577 865 645 ὡς
887 576 907 651 ἦ
931 572 1009 648 όόξα
1032 579 1092 634 τῶν
1115 573 1259 646 πολλῶν,
1284 575 1318 648 ἐξ
1341 575 1481 654 οὐρανοῦ

314 699 524 777 παμμεγέθης
554 698 651 770 λίθος
681 701 725 770 είς
754 697 850 776 Aaou
879 701 1049 775 ποταμούς.
1081 703 1135 757 καί
1167 696 1325 758 όείκνοιαι
1356 702 1417 775 μὲν
1440 698 1484 758 ἔτι

314 827 383 896 νῦν,
408 822 592 900 σεβομένων
615 823 713 882 αὐτόν
735 828 796 882 νῶν
818 820 1070 904 Χερρονησιτῶν.

359 937 447 1004 Plin.
474 938 515 1003 H.
540 939 582 1005 N.
607 936 716 1004 1159.
741 937 926 1006 Celebrant
948 938 1072 1006 Graeci
1097 937 1342 1025 Anaxagoram
1366 936 1485 1003 Clazo-

316 1063 488 1145 menium,
509 1060 726 1150 Olympiadis
749 1064 1025 1150 septuagesimae
1049 1068 1192 1131 octavae
1212 1062 1364 1130 seoundo
1383 1080 1485 1143 anno,

314 1186 526 1274 praedixisse
556 1186 758 1255 caelestium
783 1187 981 1255 litterarum
1012 1188 1175 1271 scientia,
1207 1187 1334 1275 quibus
1364 1185 1487 1253 diebus

315 1330 438 1376 saxum
472 1330 635 1377 casurum
670 1317 761 1379 esset
791 1332 812 1378 a
842 1311 922 1379 sole.
958 1311 1068 1399 quue
1102 1311 1234 1378 factum
1265 1308 1417 1376 interdiu
1449 1310 1486 1374 in

316 1433 485 1502 Thraciae
518 1438 617 1523 parte
651 1436 695 1502 ad
732 1435 845 1524 Aegos
876 1436 1017 1503 [lumen.
1049 1435 1116 1514 Qui
1144 1435 1231 1523 lapis
1262 1434 1368 1500 etiam
1392 1453 1487 1499 nuno

315 1559 527 1646 ostenditur,
540 1560 781 1648 magnitudine
794 1560 908 1643 vebis,
929 1560 1043 1628 colore
1055 1559 1189 1643 aduste,
1202 1564 1336 1625 comete
1348 1577 1488 1645 quoque

183 1756 185 1760 ,
314 1684 383 1751 illis
405 1684 565 1751 noctibus
589 1683 768 1772 flagrante.

361 1808 410 1876 of.
436 1809 532 1897 Diog.
554 1809 667 1875 Laert.
690 1807 722 1874 ΙΙ
742 1806 803 1893 10,
824 1807 979 1874 Marmor
998 1808 1142 1875 Parium
1162 1807 1212 1893 (C.
1225 1807 1251 1874 Ι.
1265 1806 1305 1874 G.
1318 1804 1420 1890 2374)
1432 1804 1488 1871 72.

361 2011 455 2101 573.
474 2012 538 2102 [2].
566 2010 721 2100 Abydi.

361 2137 449 2204 Plin.
471 2137 513 2203 H.
534 2136 576 2203 N.
597 2134 702 2202 1159.
724 2134 764 2201 In
786 2135 902 2223 Abydi
922 2136 1104 2224 gymnasio
1124 2155 1165 2201 ex
1182 2155 1222 2201 ea
1242 2154 1346 2201 eausa
1362 2133 1489 2200 colitur

317 2261 507 2349 hodieque,
539 2259 695 2327 modicus
719 2260 880 2348 quidem,
903 2260 963 2327 sed
987 2279 1092 2346 quem
1115 2259 1151 2324 in
1176 2258 1289 2325 medio
1312 2264 1486 2325 terrarum

317 2406 481 2455 casurum
504 2385 597 2452 idem
621 2384 847 2473 Anaxagoras
870 2384 1082 2473 praedixisse
1106 2389 1282 2451 narratur.

362 2581 456 2673 §la
483 2580 547 2672 [3].
572 2580 890 2665 Cassandriae,
913 2582 950 2648 in
974 2581 1060 2648 urbe
1085 2579 1320 2647 Macedoniae.

362 2707 449 2775 Plin.
476 2708 517 2773 H.
542 2708 584 2773 N.
608 2706 641 2773 ll
663 2705 716 2774 59.
742 2705 876 2774 Colitur
895 2711 930 2772 et
949 2705 1193 2789 Cassandriae,
1214 2726 1303 2810 quae
1323 2705 1488 2774 Potidaea

317 2831 469 2899 vocitata
492 2835 561 2915 est,
586 2829 629 2897 ob
653 2829 688 2896 id
711 2829 871 2897 deducta.

405 3132 488 3199 vll.
523 3133 574 3200 Ile
598 3131 777 3217 lapidibus
801 3133 839 3197 in
864 3136 987 3220 Ἑρμοῦ
1010 3132 1180 3200 honorem
1204 3131 1396 3213 congestis·

362 3304 380 3386 ἓ
405 3300 458 3368 75.
490 3302 589 3369 Hom.
619 3300 682 3369 Od.
713 3330 737 3369 π
768 3300 844 3368 471.
1367 3392 1370 3395 Δ

494 3431 554 3513 ἢόη
580 3436 660 3515 ὑπὲρ
682 3430 806 3507 πόλιος,
831 3432 889 3493 όθι
911 3430 1108 3515 θ’Ἔρμαιος
1131 3432 1234 3510 λόφος
1256 3434 1330 3508 toul,

494 3561 538 3636 ἦα
560 3563 638 3619 κιὼν
660 3579 687 3618 κ,
702 3580 726 3617 ι.
740 3557 771 3618 λ.

363 3654 523 3757 ansata
555 3675 599 3741 au
630 3674 694 3743 ou.
725 3704 749 3743 ι
779 3674 911 3741 ιιι...
927 3723 956 3741 ..
992 3686 1023 3743 a
1058 3680 1092 3742 a
1122 3702 1222 3761 μοι
1252 3683 1299 3743 ιι
1329 3680 1488 3763 Ἕρμος

318 3806 420 3888 λόφος
437 3811 538 3890 σωρὸς
561 3807 668 3868 λίθων
690 3808 775 3868 ἐστίν
798 3801 920 3877 ἑνόόιος
942 3808 962 3884 ἢ
984 3807 1094 3886 βωμός
1117 3809 1137 3884 ἢ
1156 3807 1258 3885 λόφος
1281 3806 1488 3884 ὑποκείμενος

320 3931 442 4014 Ἑρμοῦ
473 3930 645 4013 ἁνόριοίνιι.
678 3930 778 3991 ἄλλοι
809 3928 843 3990 de
873 3934 1004 3991 νοοῦσιν
1035 3929 1210 4013 Ἑρμαίοος
1232 3937 1345 4004 κοινῶς
1366 3931 1489 4009 λόφους

319 4060 437 4136 σημεῖα
471 4053 554 4115 όόῶν
583 4059 664 4114 κατὰ
694 4055 799 4133 ποσὴν
833 4075 904 4115 ιινα
934 4052 1101 4116 όιάοιασιν
1129 4056 1311 4135 μιλιασμοῢ
1342 4060 1439 4136 ναχὸν
1468 4059 1488 4133 ἢ

319 4177 527 4256 σιαὸιασμοῦ.
554 4176 673 4260 Ἑρμῆς
695 4180 765 4260 γάρ,
791 4198 881 4257 φασι,
905 4185 1026 4260 πρῶτος
1050 4182 1104 4240 οία
1126 4183 1224 4262 κῆρυξ
1248 4186 1302 4242 καί
1326 4179 1489 4263 διάκτορος

285 4309 287 4311 ’
319 4304 466 4384 καθήρας
497 4306 551 4373 ιάς
580 4299 681 4376 odona,
713 4306 741 4362 εί
771 4324 834 4362 που
865 4303 983 4374 λίθους
1012 4306 1112 4385 εὗρεν,
1145 4306 1291 4366 όπειίθει
1317 4307 1377 4381 ἔξω
1401 4304 1485 4366 ὁδοῦ·

320 4428 400 4488 ὅθεν
430 4431 501 4498 τοὺς
531 4427 672 4487 ιοιοῢιόν
703 4449 730 4486 ιι
756 4433 927 4498 ποιοῦντας
957 4433 1011 4488 καί
1042 4432 1096 4499 τὰς
1126 4427 1219 4500 ὁδοὺς
1249 4434 1290 4507 τῷ
1315 4427 1418 4511 Ἑρμῇ
1447 4432 1489 4500 ὡς
