3442 5175
299 891 372 959 A2.
398 892 557 980 Erythris
596 867 606 889 ⁴

399 1140 570 1229 Synnadis

300 1390 325 1458 C
344 1389 375 1457 1.
401 1390 582 1480 Olympiae

403 2267 588 2335 Heracleae

402 2393 572 2460 Troezene

305 3146 378 3214 62.
405 3145 525 3235 Selgae

307 3890 379 3959 nl.
405 3892 531 3960 Thebis

846 321 913 389 184

775 519 879 609 Lapis
899 540 1001 607 quem
1028 525 1152 607 Ἀθηνᾶ
1165 520 1202 587 in
1215 525 1375 610 Ἡρακλέα

818 644 1377 734 11161111111111111,Σωφροκισιήρ

819 773 970 837 vocatus.
1420 769 1465 836 55

776 893 864 961 Adv.
889 900 941 961 Ἡ,
963 900 1077 982 caput,
1098 915 1152 962 av.
1173 914 1294 962 saxum
1307 914 1375 962 co-

818 1018 1069 1106 neidicuml‘l).
1421 1019 1466 1086 13

775 1140 862 1210 Adv.
896 1148 948 1209 Ἠ,
974 1149 1089 1232 caput,
1113 1164 1167 1211 av.
1192 1166 1315 1213 saxum
1339 1145 1375 1213 in

818 1267 949 1355 templo
972 1267 1110 1357 distylo.
1421 1269 1465 1338 16

776 1393 933 1462 Oleaster
959 1414 1094 1483 exque
1119 1400 1283 1486 Ἡρακλῆς
1306 1400 1377 1484 pri-

822 1540 900 1586 mus
912 1523 1098 1586 coronatus
1110 1525 1195 1607 erat,
1208 1519 1377 1610 cuiusque

821 1643 943 1711 frende
952 1644 1100 1712 victores
1109 1644 1377 1714 coronabantur.
1405 1645 1463 1713 121

778 1768 862 1837 Olea
893 1768 1092 1857 (oleaster),
1126 1776 1380 1857 καλλιστέφανος

824 1899 965 1973 vocata,
998 1893 1090 1961 unde
1122 1899 1174 1961 Ἡ.
1199 1893 1379 1962 surculum

821 2022 1019 2086 resecuerat
1048 2023 1083 2085 et
1114 2016 1296 2106 Olympiae
1323 2038 1379 2085 se-

822 2148 930 2210 verat.
1403 2140 1469 2210 122

777 2268 934 2348 Quercus
958 2266 1046 2335 duae
1071 2266 1114 2334 ab
1141 2272 1193 2334 Ἡ.
1219 2272 1325 2335 satae.
1407 2266 1469 2334 127

780 2392 953 2461 Oleaster:
987 2397 1186 2482 Ἡρακλέους
1212 2390 1310 2458 clava
1332 2392 1381 2459 ibi

822 2517 996 2608 deposita,
1014 2537 1103 2606 quae
1116 2515 1250 2584 radices
1263 2521 1381 2606 egerat

824 2650 930 2734 atque
954 2643 1263 2732 regerminaverat.
1404 2640 1469 2709 137

785 2770 942 2839 Oleaster
964 2770 1016 2858 (in
1039 2768 1140 2837 litore
1160 2766 1265 2835 Sinus
1277 2766 1380 2835 Saro-

826 2895 913 2982 nici)
939 2895 1031 2962 unde
1052 2901 1098 2961 Ἡ.
1121 2891 1382 2962 clavamabsci-

825 3020 935 3087 derat.
1404 3014 1470 3083 137

781 3144 870 3212 Adv.
902 3150 954 3211 ‘H.
987 3148 1110 3231 caput,
1141 3164 1193 3211 av.
1228 3141 1325 3210 clava
1348 3147 1383 3210 et

825 3267 929 3336 arbor
952 3269 990 3335 in
1013 3288 1105 3335 vaso.
1404 3264 1472 3332 167

780 3394 878 3460 Basis
898 3391 979 3477 lata,
1001 3412 1104 3480 super
1126 3412 1194 3480 qua
1207 3390 1276 3460 duc
1289 3411 1381 3471 vasa,

826 3516 967 3584 arbores
979 3537 1104 3605 parvas
1114 3514 1295 3604 (styraces)
1304 3534 1383 3583 con·

825 3642 990 3724 tinentia3
1019 3641 1196 3730 utrimque
1221 3660 1383 3708 vasorum

827 3788 889 3834 ara
912 3766 1047 3834 ardens.
1406 3763 1472 3833 167

780 3870 951 3961 Mustelae
983 3891 1109 3960 Thebis
1137 3891 1383 3976 adorabantur,

827 4019 910 4107 quia
929 4016 1077 4086 mustela
1098 4022 1297 4107 Ἡρακλέους
1316 4037 1383 4084 nu-

826 4144 897 4210 trix
931 4142 1068 4223 fuisset,
1104 4146 1165 4209 aut
1200 4141 1384 4210 Alcmenes

827 4267 1384 4355 partusrincula(udlvuvdtunovgl

830 4389 1049 4458 dissolvisset.
1406 4391 1473 4460 am
