3442 5175
792 390 836 458 95

279 584 336 652 Sil.
356 584 465 652 Italic.
489 584 535 653 IV
558 584 635 653 691.

352 708 467 777 Arbor
485 729 616 777 numen
636 708 741 777 habat
761 709 955 799 coliturque
975 710 1173 799 tepentibus
1196 711 1276 778 aris,

279 835 379 902 Paua
412 833 493 902 VIII
522 833 584 920 23,
613 833 645 901 5.
677 841 719 900 Εἰ
750 840 783 902 δὲ
814 841 984 921 Ἑλλήνων
1014 850 1077 914 τοῖς
1106 844 1214 922 λόγοις
1237 845 1396 921 ἑπόμενον

235 967 543 1047 καταριθμήσασθαι
575 964 622 1027 δεῖ
650 989 691 1044 με
722 968 827 1027 ὁπόσα
857 965 972 1050 δένδρα
1002 974 1070 1028 σῶα
1093 969 1137 1028 ἔτι
1159 975 1215 1028 καῖ
1238 968 1396 1047 τεθηλότα

234 1091 386 1167 λείπεται,
411 1092 628 1174 πρεσβύτατον
645 1096 706 1170 μὲν
727 1094 748 1170 ή
770 1092 867 1170 λύγος
885 1094 968 1152 ἐστίν
986 1094 1090 1153 αύιών
1108 1095 1129 1170 ἡ
1147 1094 1182 1152 ἐν
1202 1097 1243 1170 τῷ
1260 1091 1397 1171 Σαμίων

234 1224 394 1296 πεφυκυῖα
416 1221 490 1298 ίερῷ
512 1216 628 1299 Ἥρας,
650 1221 730 1295 μετὰ
753 1216 787 1276 δὲ
811 1220 909 1295 αύιήν
931 1220 951 1295 ή
975 1219 1009 1277 ἐν
1032 1215 1166 1298 Δωδώνῃ
1190 1215 1272 1299 δρῦς.

279 1334 440 1403 philostr.
475 1334 582 1422 Imag.
616 1333 648 1400 II
680 1332 740 1414 15,
771 1333 803 1400 l.
834 1343 941 1422 τρόπις
971 1341 1034 1420 (τῆς
1064 1339 1207 1423 Ἀργοῦς)
1238 1341 1272 1402 δὲ
1301 1345 1398 1426 ύφήρ·

233 1487 350 1546 μοσιαι
381 1473 417 1548 τῇ
439 1472 491 1546 νηί
514 1464 644 1548 δένδρον
666 1469 813 1549 ἀρχαῖον,
837 1468 864 1545 ᾧ
886 1470 966 1527 κατὰ
990 1464 1143 1546 Δωδώνην
1167 1469 1185 1528 6
1208 1468 1286 1540 Ζεύς
1307 1471 1339 1542 ἐς
1362 1474 1400 1529 τὰ

234 1598 368 1669 μαντεῖα
391 1594 512 1674 ἐχρῆτο.

280 1709 442 1778 philostr.
476 1709 583 1799 Imag.
607 1709 639 1776 II
663 1707 724 1794 33,
748 1708 779 1778 I.
803 1715 846 1775 Ἡ
863 1720 924 1794 μὲν
946 1724 1049 1799 χρυσῆ
1071 1717 1186 1779 πέλεια
1208 1717 1250 1778 ἔτ’
1274 1721 1326 1778 ἐπί
1349 1725 1400 1797 τῆς

236 1840 328 1923 δρυὸς
357 1843 392 1901 ἐν
421 1840 543 1920 λογίοις
572 1844 593 1919 ἡ
623 1847 707 1920 σοφή
736 1848 791 1902 καί
821 1848 985 1923 χρησμοῖς,
1009 1844 1064 1915 οδς
1085 1844 1121 1902 ἐκ
1143 1840 1214 1915 Διὸς
1237 1843 1399 1921 τίναφθόγ-

236 1987 330 2044 γεται,
359 1973 458 2026 κεῖται
480 1964 599 2038 δὀύτος
623 1969 640 2026 δ
663 1966 805 2042 πέλεκυς,
831 1968 869 2027 δν
889 1967 1031 2046 μεθῆκεν
1054 1965 1174 2038 Ἑλλδς
1196 1969 1214 2025 6
1237 1964 1398 2047 δρυτόμος,

237 2093 294 2169 ἀφ’
317 2094 355 2151 ού
378 2095 458 2151 κατὰ
482 2090 635 2171 Δωδώνην
658 2096 689 2151 οἰ
713 2091 838 2167 Ἑλλοί,
860 2093 1021 2170 στίμματα
1039 2090 1206 2169 δ’άνῆπται
1227 2097 1278 2169 τῆς
1297 2089 1398 2173 δρυός,

237 2214 344 2294 ἐπειδή
374 2217 525 2298 καθάπερ
555 2220 574 2277 6
603 2215 716 2277 Πυθοῖ
746 2222 873 2299 τρίπους
893 2221 1055 2298 χρησμούς
1077 2219 1209 2299 ἐκφέρει.
1235 2222 1330 2298 φοιτᾷ
1352 2208 1400 2277 δ’ὁ

235 2344 296 2419 μίν
326 2342 459 2423 ἐρέσθαι
482 2363 510 2402 τι
533 2342 640 2420 αύτήν,
665 2344 683 2401 6
706 2339 740 2402 δὲ
762 2342 874 2417 θῦσαι,
898 2349 953 2403 καί
975 2346 1072 2423 χορὸς
1096 2343 1203 2401 ούτοοί
1227 2342 1262 2400 ἐκ
1285 2338 1400 2420 θηβῶν

237 2471 416 2548 περιεστᾶσι
440 2471 495 2545 τήν
517 2464 594 2548 δρύν
616 2469 827 2545 οἰκειούμενοι
849 2471 905 2545 τήν
927 2471 1046 2545 σοφίαν
1068 2471 1123 2527 τοῦ
1146 2463 1287 2547 δένδρου,
1308 2468 1400 2542 οίμαι

238 2589 271 2650 δὲ
293 2598 347 2652 καί
370 2596 425 2670 τήν
446 2599 568 2674 χρυσῆν
590 2594 679 2675 ὄρνιν
700 2595 764 2653 ἐκεῖ
785 2593 1003 2671 παλευθῆναι,

286 2709 380 2776 Dion.
406 2708 514 2776 Halia.
539 2708 553 2775 I
576 2708 629 2777 14.
654 2719 718 2778 ἐκεῖ
736 2718 783 2795 (ἐν
802 2714 948 2799 Δωδώνη)
967 2720 1028 2796 μὲν
1049 2718 1102 2776 ἑπί
1121 2715 1214 2798 δρυὸς
1232 2719 1399 2797 περιστερὰ

237 2842 439 2921 καθεζομένη
461 2840 654 2921 θεσπιῳδεῖν
677 2843 810 2922 ἐλέγετο.

282 2959 331 3028 cf.
363 2960 487 3028 Aesch.
519 2960 634 3027 Proui.
663 2958 747 3040 830,
772 2958 875 3049 Suph.
901 2958 1023 3026 Trauh.
1047 2956 1152 3043 1168,
1177 2957 1294 3048 Steph.
1319 2958 1400 3047 Byz.

237 3105 263 3153 S.
287 3090 431 3172 Δωδώνη,
457 3085 558 3153 Paua.
583 3084 598 3150 I
621 3082 682 3169 17,
706 3083 747 3167 5,
771 3083 870 3151 Ovid.
895 3083 976 3151 Mel.
1001 3081 1164 3151 1111622.

283 3209 456 3277 Nummus
475 3215 683 3277 autonomus
702 3208 798 3298 Epiri
816 3208 852 3275 in
874 3208 951 3275 adv.
971 3212 1071 3295 parte
1090 3206 1242 3297 aquilam
1262 3210 1401 3278 exhibet

239 3354 342 3422 super
376 3353 463 3422 rupe
498 3332 694 3419 sedentem,
729 3333 766 3398 in
800 3353 853 3401 av.
888 3337 987 3420 partu
1017 3352 1204 3422 quercum,
1235 3334 1299 3402 sub
1331 3355 1401 3424 qua

239 3457 328 3525 duae
359 3457 554 3541 culumbaa;
586 3457 690 3524 tertia
716 3455 876 3525 columba
898 3458 935 3524 iu
958 3456 1090 3525 arboris
1115 3459 1294 3526 cacumine
1317 3480 1401 3527 cou-

239 3585 393 3673 spicitur.
419 3584 498 3653 Tier
523 3605 555 3652 u.
581 3582 678 3652 Pub.
702 3582 771 3651 tab.
796 3583 826 3650 V
848 3582 893 3651 28
916 3604 949 3673 p.
972 3582 1026 3651 33.

283 3835 301 3923 ᾖ
327 3830 401 3903 103.
428 3832 491 3924 [9].
516 3834 663 3919 Βοεϊε,
687 3835 724 3902 iu
748 3834 834 3902 urbe
858 3835 1028 3903 Lacuniae
1051 3841 1213 3924 (Ἄρτεμις
1235 3839 1398 3924 Σώτειρα).

284 3960 384 4027 PallS.
416 3958 466 4026 III
495 3958 556 4041 ΞΔ,
587 3958 641 4026 12.
673 3965 754 4027 Ἀπὸ
776 3965 815 4045 δή
836 3970 953 4029 τούτων
975 3974 1036 4029 τών
1059 3967 1186 4028 πόλεων
1209 3970 1399 4039 ἀναστάντες

239 4091 369 4171 ἐζήτουν
401 4092 485 4152 ἔνθα
515 4095 642 4171 οἰκῆσαι
673 4097 755 4171 σφεῖς
784 4096 888 4174 χρεών
918 4096 975 4172 εἰη·
1007 4097 1062 4153 καί
1090 4115 1118 4152 τι
1148 4098 1202 4152 καί
1232 4094 1399 4170 μάντευμα

240 4220 279 4295 ήν
308 4219 414 4289 αύτοῖς
436 4217 586 4299 Ἀρτεμιν
609 4218 692 4278 ἔνθα
716 4220 900 4295 οἰκήσουσιν
921 4215 1097 4291 ἐπιδείξειν.
1122 4220 1165 4288 ὡς
1187 4219 1245 4277 ούν
1267 4217 1399 4293 ἐκβᾶσιν

240 4343 271 4413 ἐς
286 4348 341 4421 τήν
360 4349 418 4421 γῆν
437 4343 543 4421 λαγώς
562 4344 771 4421 ἐπιφαίνεται,
792 4346 846 4403 τόν
866 4342 976 4420 λαγών
994 4343 1183 4419 ἐποιήσαντο
1195 4343 1336 4420 ήγεμόνα
1347 4347 1399 4419 τῆς

240 4463 323 4525 δδού·
355 4465 545 4539 καταδύντος
574 4464 608 4527 δὲ
640 4469 672 4538 ἐς
700 4469 858 4548 μυρσίνην
881 4467 979 4527 πόλιν
1002 4489 1033 4527 τε
1056 4466 1232 4543 οἰκίζουσιν
1257 4466 1400 4527 ἐνταῦθα
