3442 5175
891 420 935 488 la

324 612 403 679 suit.
440 611 476 680 Si
510 613 595 680 haec
631 613 815 701 explicatio
851 635 934 681 vera
965 616 1076 700 est1),
1108 616 1329 684 totemismus
1359 637 1499 707 quoque

323 755 393 801 non
427 756 569 823 prorsus
605 736 649 803 ab
680 737 866 804 animismo
900 738 1135 826 segregandus
1170 738 1319 807 videtur.
1355 740 1498 808 Wilken

322 861 393 926 iam
417 864 521 927 antea
543 861 697 927 animam
721 861 914 928 humanam
937 882 1039 949 saepe
1063 862 1156 950 apud
1180 862 1325 950 populos
1348 862 1499 931 incultos
1598 943 1602 948 .

322 983 358 1050 in
381 983 590 1052 animalibus
607 984 735 1072 plantis
747 985 824 1052 aliis
835 985 940 1053 rebus
954 985 1148 1074 depositam
1161 987 1295 1074 putari,
1309 991 1499 1075 artemque

239 1177 243 1184 ,
323 1126 444 1174 eorum
476 1108 638 1195 opinione
670 1109 851 1178 vinculum
883 1110 976 1176 inter
999 1109 1178 1176 hominem
1203 1114 1238 1176 et
1261 1109 1399 1177 animae
1422 1112 1498 1179 eius

321 1231 580 1319 receptaculum
615 1232 706 1300 effici
741 1234 861 1303 multis
894 1233 1062 1322 exemplis
1086 1232 1287 1301 ostenderat
1300 1235 1337 1316 2).
1362 1234 1498 1312 Quibus

322 1354 468 1442 aliisque
503 1356 670 1445 exemplis
704 1358 801 1425 nisus
836 1357 964 1424 Frazer
997 1357 1239 1425 totemismum
1273 1377 1412 1445 quoque
1448 1360 1498 1425 ita

322 1480 566 1568 explicandum
601 1481 787 1549 existimat.
824 1481 909 1562 Sed,
940 1486 981 1548 ut
1012 1480 1117 1568 Tylor
1131 1482 1156 1565 3)
1181 1481 1248 1564 ait,
1273 1480 1402 1549 mirum
1426 1485 1496 1565 est,

322 1624 516 1692 numquam
539 1604 632 1693 apud
655 1605 817 1693 popuIm,
841 1604 902 1693 qui
925 1609 1057 1671 totema
1076 1609 1306 1687 venerentur,
1325 1603 1368 1671 de
1381 1605 1496 1671 homi·

259 1777 261 1784 ‚
321 1748 407 1797 num
443 1728 569 1795 animis
602 1728 639 1794 in
674 1727 815 1795 totemis
848 1728 992 1796 inclusis
1023 1727 1218 1795 sermonem
1256 1726 1350 1810 fieri3
1382 1748 1496 1815 neque

323 1853 492 1919 minorem
512 1851 780 1919 admirationem
804 1856 940 1937 movet,
964 1850 1067 1918 alicui
1088 1849 1243 1938 quotidie
1267 1849 1495 1918 metuendum

322 1997 395 2045 esse
426 1997 469 2043 nc
500 1981 645 2043 necetur
671 1975 715 2043 ab
740 1995 848 2044 uxore
871 1996 934 2043 sua
958 1980 995 2043 et
1017 1974 1152 2058 liberis;
1177 1995 1259 2041 nam
1285 1975 1368 2062 quia
1393 1995 1495 2042 nemo

321 2121 480 2169 uxorem·
495 2100 601 2168 habet
630 2100 698 2167 nisi
730 2120 748 2166 6
780 2104 885 2187 genle
916 2098 1047 2184 aliena,
1079 2118 1236 2186 uxorque
1267 2099 1376 2186 igitur
1400 2097 1495 2165 aliud

320 2230 492 2293 totemum
511 2229 700 2292 veneratur
712 2244 753 2291 ac
765 2224 925 2308 maritus,
938 2222 1014 2291 fieri
1026 2227 1141 2311 potest
1153 2227 1193 2290 ut
1205 2221 1336 2290 animal
1348 2222 1494 2290 huiusce

320 2349 417 2436 genti
447 2368 586 2416 sacrum
618 2348 661 2415 ab
684 2347 744 2414 illa
767 2347 988 2425 comedatur3
1012 2347 1131 2434 itaque
1155 2346 1243 2442 siin
1267 2346 1412 2413 animali
1435 2346 1494 2413 illo

321 2474 438 2540 anima
462 2472 581 2539 mariti
600 2471 756 2559 deposita
779 2471 842 2555 sit,
863 2476 1006 2538 uxorei
1028 2470 1126 2538 liberi
1150 2508 1188 2518 -
1211 2469 1271 2557 qui
1290 2469 1382 2536 idem
1403 2474 1494 2536 tote·

321 2618 418 2665 mum
442 2597 561 2664 colunt
580 2617 620 2664 ac
644 2601 755 2663 mater
779 2632 821 2645 -
847 2596 964 2662 mariti
982 2601 1017 2662 et
1040 2595 1150 2682 patris
1173 2594 1311 2661 animae
1335 2600 1493 2683 recepta-

320 2721 438 2790 culum
462 2720 656 2788 comedant.
681 2719 850 2798 Quocirca
875 2717 979 2807 Tylor
1000 2718 1139 2786 Frazeri
1159 2717 1357 2806 opinionem
1377 2718 1495 2786 minus

320 2844 534 2934 probabilem
557 2843 699 2912 iudicat.

365 2970 382 3058 ἕ
406 2967 460 3036 11.
496 2967 629 3053 Aliam,
653 2968 760 3035 etiam
785 2966 829 3033 ad
853 2965 1080 3033 animismum
1104 2965 1359 3054 pertinentem,
1383 2964 1493 3053 expli·

320 3093 493 3160 cationem
535 3090 678 3160 Wilken
692 3091 721 3179 4)
761 3090 952 3179 proposuit.
996 3089 1146 3177 Populos
1182 3090 1276 3158 enim
1309 3091 1346 3157 in
1382 3090 1494 3158 Indici

358 3336 377 3400 1)
403 3336 433 3386 Is.
461 3334 611 3399 Marillier,
636 3334 686 3384 1.1.
712 3350 739 3400 p.
760 3336 811 3384 233
837 3348 897 3384 eam
925 3333 1086 3385 dubitanter
1106 3333 1256 3400 approbet:
1287 3333 1345 3399 ,En
1364 3350 1408 3386 oes
1429 3351 1492 3387 oon·

320 3423 423 3475 ditione
451 3426 479 3475 et
507 3439 541 3474 en
569 3419 699 3489 presence
728 3421 765 3472 du
791 3420 968 3491 tdmoignage
995 3438 1048 3489 quo
1075 3422 1243 3474 fournissent
1270 3422 1352 3474 d’une
1371 3426 1434 3490 part
1453 3425 1492 3476 les

320 3512 387 3564 rites
407 3510 579 3562 d’initiation
599 3514 626 3563 et
646 3510 753 3561 d’autre
773 3513 836 3577 part
856 3511 896 3562 les
915 3511 1058 3578 multiples
1074 3509 1204 3578 legendos
1219 3511 1492 3579 relativosal'osprit

319 3601 460 3653 exterieur
487 3601 625 3666 (external
651 3601 733 3665 11111),
759 3599 827 3667 qu’il
845 3616 861 3651 a
880 3599 990 3651 reunion
1010 3599 1077 3651 dens
1096 3599 1121 3650 le
1141 3598 1246 3650 Golden
1266 3600 1364 3666 Bough
1383 3601 1426 3666 (ΙΙ
1446 3619 1491 3669 pp.

320 3687 673 3756 296-326),l’hypothbse
694 3689 727 3740 de
747 3689 848 3740 Frazer
871 3688 930 3739 doit
950 3687 1008 3739 etro
1028 3687 1257 3754 prorisoirement
1276 3688 1429 3754 ecceptde.“

356 3776 377 3843 ²)
396 3775 428 3829 d.
448 3778 481 3828 A.
501 3776 629 3842 Wilken,
649 3776 690 3828 De
710 3775 897 3844 Simsonsage:
919 3775 960 3827 De
980 3775 1147 3843 betrekking
1166 3775 1296 3827 tusschen
1315 3775 1489 3842 Mensohen-,

319 3865 434 3916 Dieron·
455 3880 489 3915 en
509 3865 717 3917 Plantenlevon.
769 3873 770 3876 ’

355 3952 377 4019 ³)
396 3953 532 4005 Remarks
551 3969 586 4004 on
606 3952 770 4017 Totemism,
789 3953 838 4006 1.1.
857 3969 886 4020 p.
907 3955 966 4004 146.

355 4041 427 4108 4)(1.
457 4043 490 4093 A.
519 4042 643 4107 Wilken,
671 4042 727 4092 Het
756 4040 911 4092 Animisme
941 4040 976 4107 bij
1004 4040 1037 4091 do
1065 4040 1166 4092 volken
1195 4056 1249 4092 ran
1268 4041 1322 4092 den
1342 4042 1491 4094 Indisohen

319 4130 454 4197 Arohipel
470 4147 496 4197 p.
513 4132 560 4182 75:
579 4130 661 4196 ,Niet
681 4129 747 4194 dus,
766 4130 851 4197 gelijk
872 4129 990 4197 Spenoer
1011 4129 1073 4194 wil,
1092 4145 1142 4181 een
1163 4129 1447 4196 ,misinterpretation
1463 4133 1494 4182 of

319 4218 512 4284 nioknames,'’
534 4218 603 4270 doch
622 4218 656 4270 do
675 4218 909 4285 zielsverhuizing
928 4218 951 4269 is
971 4217 1004 4269 (16
1024 4216 1211 4268 verbindende
1230 4218 1343 4269 schekel
1362 4219 1491 4271 tussohen

319 4308 366 4359 het
397 4308 550 4359 totemisme
569 4323 621 4359 ean
644 4307 696 4358 den
717 4323 816 4371 eonon,
836 4322 870 4357 en
887 4306 940 4358 den
959 4307 1050 4358 dienst
1070 4306 1117 4357 (161
1136 4306 1347 4375 afgestorvenen
1366 4323 1419 4358 ean
1438 4307 1491 4358 den

319 4396 441 4447 anderen
460 4396 544 4460 kant,
564 4396 653 4448 welke
669 4395 796 4460 schekel,
812 4395 847 4462 bij
859 4396 920 4448 vele
930 4396 1031 4448 volken
1041 4396 1242 4464 weggevallen,
1252 4395 1282 4446 in
1293 4395 1346 4447 (1611
1356 4395 1491 4462 Archipel

319 4484 434 4536 meostal
454 4499 507 4551 nog
528 4483 663 4550 duidelijk
681 4483 827 4535 merkbaar
847 4483 897 4535 is.''
