3442 5175
889 393 933 461 la

330 585 489 654 videmus
529 587 622 654 inter
656 588 921 676 superstitiones
956 589 1176 659 sublimiores
1209 597 1245 659 et
1280 593 1504 679 humiliores,

330 731 443 799 neque
474 712 621 796 mirum,
651 732 751 796 nam,
783 718 824 781 ut
853 714 924 780 iam
953 735 1059 803 supra
1083 715 1254 801 diximum
1278 737 1399 787 omnes
1423 720 1502 787 ani·

330 835 454 902 mismo
477 840 659 923 tamquam
682 836 911 905 fundamento
935 837 1149 907 nitebantur.

780 1086 973 1156 cnPUr
1005 1089 1046 1155 V.

473 1247 524 1313 Ile
550 1246 757 1313 animalirun
780 1248 1021 1315 venerationis
1045 1249 1162 1315 causis
1187 1248 1354 1316 diversis.

372 1414 390 1502 ξ
415 1413 466 1483 18.
492 1414 661 1483 Universa
685 1415 879 1503 priscarum
900 1416 1187 1504 superstitionum
1209 1418 1344 1485 ratione
1365 1417 1503 1506 aliqua·

327 1545 430 1606 tenus
450 1537 622 1626 explicata
641 1538 712 1605 iam
732 1538 774 1606 de
787 1538 933 1626 singulis
946 1540 1151 1608 animalium
1164 1541 1329 1608 arborum
1344 1540 1502 1629 lapidum

327 1681 505 1729 sacrorum
541 1661 728 1749 generibus
762 1682 916 1751 agemus.
952 1663 1075 1731 Varias
1106 1664 1200 1731 enim
1231 1662 1275 1731 ob
1307 1684 1429 1732 causas
1461 1687 1502 1733 ea

327 1807 426 1854 sacra
456 1786 575 1854 habita
606 1807 680 1854 esse
706 1785 877 1871 vidimus,
900 1786 960 1854 sed
985 1787 1141 1855 nondum
1165 1787 1320 1876 singulas
1344 1809 1502 1876 quasque

327 1911 628 1996 enumeravimus3
662 1931 732 1998 qua
761 1910 798 1978 in
830 1931 867 1978 re
891 1912 1099 2000 populorum
1120 1911 1334 1979 incultorum
1359 1912 1502 1979 hodier-

327 2056 453 2104 norum
478 2035 592 2103 denuo
616 2055 679 2102 nos
702 2034 851 2102 doceant
874 2055 1016 2103 necesse
1039 2040 1102 2103 est.

371 2158 466 2248 §la
501 2158 571 2226 Alii
606 2157 740 2226 nullam
775 2158 881 2225 aliam
913 2158 957 2227 ob
988 2179 1129 2227 causam
1162 2159 1328 2227 animalia
1363 2160 1500 2243 colunt,

327 2304 433 2372 quam
453 2284 535 2372 quia
559 2304 599 2350 ea
624 2282 824 2351 hominibus
848 2282 1045 2351 robustiora
1065 2288 1127 2351 aut
1149 2284 1322 2351 velociora
1346 2289 1408 2351 aut
1429 2285 1501 2352 cal-

325 2408 449 2475 lidiora
472 2427 564 2491 esse,
589 2407 817 2495 animumque
840 2412 1023 2475 aeternum
1047 2407 1176 2476 habere
1196 2408 1417 2491 existimant3
1442 2407 1501 2475 alii

326 2532 409 2620 quia
432 2531 557 2622 genius
580 2531 653 2601 sive
677 2531 763 2600 deus
782 2530 909 2621 aliquis
933 2531 969 2599 in
993 2531 1137 2599 animali
1160 2531 1313 2621 quodam
1340 2532 1501 2601 habitare

325 2656 368 2724 iis
391 2657 548 2740 videtur3
574 2657 632 2724 alii
652 2657 856 2726 universum
876 2657 1016 2746 aliquod
1032 2677 1144 2746 genus
1163 2663 1397 2742 venerantur,
1417 2658 1501 2745 quia
1523 2754 1525 2757 v
1569 2665 1573 2670 ’

325 2782 467 2871 genium
488 2783 561 2849 sive
580 2782 685 2850 deum
705 2782 867 2850 omnibus
887 2781 955 2849 illis
971 2782 1084 2850 inesse
1097 2786 1132 2849 et
1145 2780 1322 2870 singulum
1336 2781 1500 2869 quodque

325 2906 455 2974 animal
474 2911 656 2995 tamquam
679 2927 760 2974 eum
779 2910 1042 2994 repraesentare
1054 2910 1199 2994 putant3
1220 2905 1280 2972 alii
1292 2906 1375 2993 quia
1388 2906 1499 2972 maio-

324 3052 404 3099 rum
428 3052 572 3100 suorum
596 3032 731 3100 animos
749 3033 787 3099 in
807 3036 943 3099 certum
968 3030 1142 3119 quoddam
1164 3030 1369 3099 animalium
1389 3052 1500 3120 genus

324 3156 503 3224 transiisse
523 3156 730 3244 opinantur3
755 3155 814 3223 alii
837 3155 930 3243 quod
951 3175 991 3222 ea
1011 3160 1193 3243 tamquam
1213 3155 1339 3223 fratres
1359 3176 1395 3222 se
1415 3156 1500 3244 ipsis

323 3279 537 3369 potentiores
556 3279 703 3360 habent,
725 3279 853 3367 quippe
877 3279 939 3367 qui
963 3279 1006 3346 ab
1031 3278 1151 3347 eodem
1176 3299 1305 3367 proavo
1327 3280 1498 3367 originem

325 3404 466 3472 ducant.

369 3528 387 3617 5
418 3526 472 3596 20.
504 3527 580 3595 Duo
615 3527 765 3615 denique
801 3526 1007 3596 animalium
1036 3525 1195 3594 cultuum
1229 3545 1359 3615 genera
1393 3526 1498 3616 digna

323 3659 406 3723 sunt
441 3673 531 3742 quae
566 3652 813 3721 observentur:
848 3651 917 3719 alia
948 3651 1042 3719 enirn
1074 3671 1188 3739 neque
1223 3670 1348 3718 necare
1384 3670 1498 3739 neque

324 3778 426 3845 edere
445 3777 545 3861 lieet,
565 3776 648 3864 quia
668 3776 848 3861 coluntur,
868 3775 936 3843 alia
955 3780 1077 3843 contra
1092 3774 1354 3842 venerationem
1366 3773 1499 3842 habent

324 3902 407 3989 quia
430 3906 602 3968 necantur
625 3905 731 3988 atque
754 3899 908 3968 eduntur
921 3899 956 3987 1).
977 3898 1133 3977 Quorum
1158 3918 1326 3987 generum
1346 3896 1433 3966 illud
1452 3897 1496 3964 ad

361 4116 380 4182 ¹)
401 4114 502 4167 Frazer
531 4114 563 4167 G.
584 4116 615 4167 Β.
644 4114 676 4166 ΙΙ
706 4132 732 4182 p.
760 4116 826 4166 138:
847 4114 939 4181 „Thus
958 4114 1006 4166 the
1025 4113 1168 4180 primitive
1188 4112 1309 4179 worship
1329 4113 1360 4163 of
1377 4112 1495 4165 animals

323 4220 444 4257 assumes
470 4207 524 4255 two
555 4204 655 4268 forms,
683 4203 775 4255 which
804 4218 851 4254 are
880 4203 910 4254 in
929 4218 1003 4255 some
1022 4205 1144 4270 respeots
1162 4202 1210 4254 the
1229 4216 1359 4254 converse
1379 4201 1411 4252 of
1427 4201 1494 4253 each

323 4295 410 4346 other.
428 4293 470 4345 On
486 4293 534 4344 the
553 4308 604 4344 ono
624 4292 699 4344 hand
717 4292 834 4344 animale
853 4307 901 4343 are
919 4291 1076 4359 respected,
1096 4291 1150 4342 and
1170 4307 1217 4342 are
1233 4290 1373 4341 therefore
1384 4289 1494 4341 neither

323 4382 410 4434 killed
430 4398 480 4433 nor
499 4370 579 4433 eaten
586 4419 663 4444 .....
683 4397 718 4432 on
738 4382 784 4432 the
804 4381 883 4432 other
902 4380 977 4431 hand
992 4380 1110 4431 animale
1127 4396 1174 4431 are
1191 4378 1366 4445 worshipped
1376 4378 1494 4430 because

322 4472 389 4540 they
408 4487 454 4523 are
474 4469 632 4538 habitually
652 4469 739 4521 killed
759 4469 812 4520 and
833 4468 939 4520 eaten.”
