3442 5175
351 601 424 669 A2.
449 601 579 689 Pergae

352 2976 426 3046 Bi.
451 2977 591 3045 Icariae.

353 3104 378 3171 C
397 3102 428 3170 1.
453 3104 552 3171 Boe'is

329 3446 331 3449 Ι
452 3352 526 3420 Deli

454 3899 578 4043 Aulide

454 4345 663 4416 Orchomeni

894 401 961 471 lla

824 598 954 667 Saxum
967 596 1424 687 conoidicumin'AQzlmlog

865 728 1029 811 Περγαὶας
1059 721 1139 790 fano
1170 721 1311 805 (Headii
1346 722 1422 811 opi-

868 847 1001 934 nione).
1467 845 1512 913 19

822 972 981 1041 Rectius:
1001 988 1125 1040 saxum
1138 970 1355 1040 conoidieum
1367 991 1423 1039 ea·

845 1098 918 1188 pite
944 1097 1097 1165 humano
1121 1097 1350 1165 instructum:
1376 1097 1423 1164 si-

847 1222 1043 1291 mulacrum
1058 1225 1422 1311 ἈρτέμιόοςΠεργαὶας.
1468 1222 1513 1290 53

827 1352 1008 1437 Ἀρτέμιδος
1036 1352 1158 1434 Λοχίας
1187 1347 1302 1435 imago
1332 1348 1425 1415 inter

868 1472 955 1540 duas
979 1470 1169 1540 columnas.
1469 1471 1513 1539 37

826 1598 941 1666 Cunus
964 1598 1001 1663 in
1018 1595 1152 1675 sacella,
1162 1594 1334 1684 capitibus
1346 1614 1423 1663 cer-

871 1721 960 1789 vinis
981 1726 1016 1790 et
1038 1720 1166 1788 ursinis
1189 1724 1343 1788 ornatus.
1470 1717 1515 1787 38

825 1846 994 1915 Columna
1007 1842 1425 1934 ’Auzeaaiogcoronadeu

870 1977 945 2038 tata
968 1974 1101 2038 ornata.
1471 1966 1515 2036 38

805 2170 808 2175 ,
829 2096 1007 2166 Obeliseus
1030 2094 1074 2162 ad
1094 2115 1199 2183 quem
1212 2114 1342 2163 cornua
1354 2113 1426 2162 eer-

872 2221 954 2287 vina
966 2223 1001 2287 et
1013 2218 1152 2287 frondes
1161 2218 1321 2308 alligatae
1333 2224 1426 2287 sunt.
1472 2217 1517 2287 38

829 2344 1007 2415 Obeliseus
1027 2344 1070 2412 ad
1092 2364 1197 2433 quem
1221 2343 1310 2412 duae
1335 2343 1427 2411 faces

870 2469 987 2537 taenia
1021 2468 1180 2556 alligatae
1207 2473 1299 2551 sunt,
1326 2488 1427 2536 mure

873 2594 989 2664 sacelli
1024 2596 1225 2683 impositus3
1259 2600 1340 2662 ante
1374 2615 1427 2662 sa·

872 2719 997 2789 cellum
1008 2724 1189 2809 Ἀρτέμιδος
1200 2720 1426 2790 simulacrum

871 2846 1011 2913 damam
1034 2845 1190 2913 humeris
1209 2857 1358 2934 gestans
1471 2846 1516 2914 38

696 2968 700 2977 ’
831 2978 931 3055 ξύλον
954 2979 1011 3038 οὐκ
1033 2979 1242 3059 ἠργασμένον.
1473 2972 1517 3040 82

827 3097 965 3185 Myrtus
1011 3095 1067 3162 eui
1113 3114 1239 3163 nomen
1283 3102 1429 3187 Ἄρτεμις

873 3226 1023 3310 Σώτειρα.
1454 3222 1517 3292 103

828 3349 965 3415 Laurus
996 3344 1060 3413 sub
1084 3364 1154 3433 qua
1177 3350 1324 3433 Ἀριεμις
1346 3350 1429 3413 nata

873 3476 956 3540 erat.
1452 3470 1519 3541 105

831 3595 952 3664 Palma
986 3594 1051 3663 sub
1086 3614 1155 3682 qua
1178 3600 1324 3684 Ἄρτεμις
1347 3600 1430 3663 nata

878 3726 962 3790 erat.
1454 3720 1518 3789 106

831 3846 916 3914 Olea
935 3845 1000 3914 sub
1012 3865 1082 3933 qua
1095 3851 1235 3934 Ἄρτεμις
1247 3851 1330 3912 nata
1342 3851 1427 3915 erat.
1452 3845 1517 3914 107

813 4050 815 4054 ⁸
833 3969 1014 4060 Reliquiae
1037 3969 1168 4057 platani
1181 3970 1245 4039 sub
1258 3991 1327 4059 qua
1340 3970 1431 4059 Aga-

875 4114 1037 4162 memnon
1085 4113 1182 4162 sacra
1220 4093 1361 4179 fecerat,
1392 4096 1429 4161 in

879 4217 1193 4309 ἌριέμιὸοςῖεωρΙο
1216 4224 1386 4286 servatae.
1453 4217 1522 4286 118

833 4347 880 4411 Ἀ,
915 4347 1122 4431 Κεδρεάιιὸος
1145 4341 1370 4410 simulacrum
1394 4343 1432 4410 in

874 4469 976 4535 cedro
995 4466 1210 4535 collocatum.
1454 4466 1523 4535 146
