3442 5175
899 433 965 500 alo

794 683 988 751 CAPUT
1024 684 1057 751 Ι.

389 879 440 946 Do
484 879 641 963 lapidum
686 881 926 948 venerationis
971 880 1110 947 ratione
1158 899 1199 947 uc
1241 883 1371 948 natura
1416 884 1508 967 apud

345 1001 509 1071 Graecos,

389 1173 461 1261 §2
496 1173 542 1240 lle
568 1173 658 1241 saxis
680 1173 826 1242 rudibus
849 1173 922 1241 sive
946 1172 1201 1262 quodammodo
1224 1173 1427 1240 informem
1451 1173 1512 1240 ali-

345 1318 451 1386 quam
483 1299 690 1366 oonstructis
720 1298 756 1364 in
787 1297 876 1365 libro
899 1298 1011 1387 primo
1035 1299 1105 1364 iam
1130 1297 1235 1366 locuti
1259 1318 1396 1365 sumus:
1423 1318 1512 1385 quae

346 1445 365 1491 a
400 1422 523 1511 quovis
554 1422 778 1511 symbolismo
808 1421 932 1506 aliena,
965 1421 1182 1511 temporibus
1216 1422 1348 1511 prisolS,
1381 1422 1512 1509 partim

346 1547 487 1632 saltem,
523 1546 646 1613 altaria
679 1547 889 1613 totemistica
922 1546 1028 1614 fuisse
1064 1567 1133 1614 non
1167 1552 1220 1614 est
1253 1544 1456 1613 incredibile
1470 1546 1512 1628 1);

344 1673 472 1759 partim
507 1678 624 1740 autem
655 1671 739 1739 alias
770 1670 813 1738 ob
845 1691 967 1738 causas
990 1671 1128 1739 adorari
1151 1671 1324 1750 videntur,
1351 1669 1446 1737 velut
1469 1668 1512 1737 ob

345 1796 492 1862 formam
515 1795 737 1884 singularem,
762 1801 823 1862 aut
846 1796 929 1882 quia
952 1795 995 1862 de
1018 1795 1111 1863 coelo
1135 1795 1275 1884 delapsa
1297 1799 1390 1861 sunt.

389 1920 459 2009 §3-
493 1921 586 1989 Haec
621 1921 737 1988 omnia
771 1921 921 1989 Graecos
955 1940 1094 2010 quoque
1128 1923 1259 2008 priscos
1290 1919 1333 1987 ad
1364 1938 1512 1986 venera-

344 2046 474 2113 tionem
487 2046 688 2135 perduxisse
701 2045 888 2113 verisimile
901 2051 970 2127 est3
984 2045 1077 2134 quod
1089 2044 1132 2112 ad
1145 2049 1356 2133 postremam
1370 2062 1512 2111 oausam

345 2171 487 2256 attinet,
527 2177 665 2239 tantum
701 2171 798 2239 abest
833 2175 873 2238 ut
907 2171 951 2237 sit
985 2170 1236 2249 dubitandum,
1270 2189 1356 2235 num
1390 2187 1514 2234 revera

346 2294 504 2361 aerolithi
538 2294 630 2383 apud
666 2295 815 2363 Graecos
849 2293 1050 2361 adoratione
1084 2294 1194 2382 gavisi
1225 2293 1305 2376 sint,
1333 2296 1372 2359 ut
1401 2291 1513 2378 scrip-

345 2423 438 2486 tores
469 2420 604 2508 antiqui
635 2419 772 2487 disertis
803 2419 919 2488 verbis
949 2419 984 2486 id
1014 2421 1129 2508 ipsum
1159 2439 1221 2486 nos
1244 2418 1400 2486 doceant.
1427 2416 1512 2484 Plu-

345 2544 526 2630 tarchus2)
558 2544 712 2634 loquitur
743 2544 785 2612 de
816 2543 984 2613 adrolitbo
1007 2544 1050 2612 ad
1072 2544 1185 2634 Aegos
1209 2544 1371 2612 Potamos
1394 2542 1513 2610 divino

349 2669 479 2737 honore
499 2669 651 2759 dignate,
675 2675 710 2736 et
730 2669 864 2738 Plinius
884 2670 952 2737 dua
969 2670 1138 2738 eiusmodi
1157 2690 1239 2738 saxa
1251 2674 1511 2748 commemorat,

347 2815 436 2883 quae
461 2794 576 2883 Abydi
597 2801 631 2862 et
656 2793 881 2861 Cassandriae
906 2794 1157 2878 colebantur3).

391 2918 586 2986 Aerulithos
620 2919 835 3007 temporibus
861 2918 985 3006 priscis
1005 2939 1144 3007 quoque
1168 2918 1384 2985 venerationi
1407 2917 1513 2985 fuisse

346 3063 415 3111 non
428 3042 584 3130 estquod
598 3042 775 3125 miremur,
788 3042 847 3110 sed
859 3048 1105 3130 praeterquam
1119 3041 1210 3130 quod
1224 3041 1266 3109 de
1278 3041 1372 3109 coelo
1380 3040 1513 3129 delapsi

346 3174 446 3235 erant
469 3168 563 3236 aliud
588 3167 673 3256 quid
691 3168 734 3235 iis
755 3168 861 3235 etiarn
876 3168 1042 3235 maiorem
1055 3168 1274 3235 divinitatem
1287 3166 1512 3234 attribuebat.

347 3293 413 3371 Qui
444 3293 536 3360 enim
572 3291 614 3359 de
649 3298 808 3360 veterum
843 3293 1033 3361 litbolatria
1068 3294 1298 3382 scripserunt,
1331 3293 1511 3376 M‘unter4)

348 3416 538 3505 Dalberg⁵)
570 3417 734 3505 Bdsigkl)
765 3416 944 3486 Overbeck
958 3418 986 3500 7)
1011 3416 1080 3501 alii,
1105 3417 1354 3486 ae‘rolithorum
1377 3416 1512 3485 cultum

385 3634 404 3700 1)
423 3632 494 3685 Vide
514 3633 573 3685 Lib.
594 3633 617 3683 I.
637 3633 652 3698 ἓ
671 3635 713 3684 30.

383 3722 403 3787 2)
423 3721 497 3774 Plut.
518 3720 581 3790 bys.
603 3724 644 3787 12,
663 3721 726 3772 vido
746 3720 806 3773 Lib.
826 3721 856 3773 ΙΙ
877 3724 891 3789 ξ
910 3723 950 3774 72.

383 3810 405 3875 ³)
425 3811 497 3862 Plin.
528 3812 563 3862 H.
592 3810 626 3863 N.
655 3810 685 3862 ΙΙ
714 3815 756 3877 59,
784 3811 847 3863 vido
876 3828 959 3878 supra
981 3811 1041 3863 Lib.
1067 3811 1097 3862 II
1117 3812 1148 3878 ἐξ
1168 3811 1201 3861 13
1220 3826 1275 3878 sq.;
1295 3811 1331 3863 of.
1351 3810 1511 3877 Falconnet,

347 3898 461 3952 Dissert.
491 3916 538 3951 sur
566 3899 605 3952 les
634 3899 766 3968 baetylos,
792 3900 872 3951 Mem.
892 3899 925 3951 do
944 3898 1050 3951 l'Aoad.
1070 3899 1117 3950 des
1136 3900 1222 3951 Insor.
1242 3903 1262 3951 t.
1282 3900 1338 3964 VI3
1358 3900 1512 3965 Bottichor,

347 3989 440 4041 Ideen.
461 4006 483 4040 z.
504 3989 712 4057 Kunstmythol.
734 3988 764 4040 ΙΙ
785 4005 831 4055 pp.
851 3991 970 4052 15-193
989 3989 1164 4053 Lonormant,
1184 3988 1312 4041 Daremb.
1331 3992 1358 4039 et
1377 3989 1479 4057 Saglio
1491 4007 1512 4042 s.

347 4094 372 4130 v.
393 4078 520 4147 Beetylie
539 4095 565 4145 p.
586 4081 651 4144 6423
671 4078 824 4143 Sohreibor,
843 4077 965 4129 Rosoher
984 4076 1021 4128 M.
1041 4077 1070 4128 L.
1090 4093 1110 4128 a
1130 4095 1155 4128 v.
1174 4077 1318 4144 βαίτυλος.

383 4167 404 4233 ⁴)
423 4167 543 4236 Mlinter,
562 4167 653 4218 Ueber
672 4167 716 4218 die
736 4182 797 4218 vom
817 4167 939 4217 Himmel
958 4166 1114 4233 gofallenon
1134 4165 1227 4217 Steine
1244 4168 1344 4233 (1805).

383 4256 404 4321 a)
424 4256 485 4307 Von
508 4254 637 4323 Dalberg,
657 4255 747 4307 Ueber
766 4254 969 4306 Meteorkultus
988 4255 1036 4306 der
1056 4255 1139 4306 Alton
1160 4254 1263 4326 (1811).

383 4344 404 4409 ⁸)
424 4346 454 4396 L.
474 4344 593 4412 Bosigk,
613 4343 646 4395 de
666 4344 801 4411 Baatyliis
820 4345 921 4411 (1854).

384 4433 404 4499 ⁷)
424 4432 575 4500 Ouerbeok,
595 4434 686 4488 Ueber
705 4433 753 4485 das
773 4433 962 4500 Cultusobjeot
978 4433 1022 4485 boi
1039 4433 1091 4485 den
1102 4434 1237 4486 Grieohen
1248 4435 1277 4485 in
1287 4435 1380 4487 seinen
1391 4435 1514 4487 dltesten

348 4519 556 4590 Gestaltungen,
576 4522 636 4575 Ber.
656 4523 681 4574 d.
702 4521 793 4574 Sticho.
815 4522 875 4574 Ges.
896 4523 921 4574 d.
941 4523 985 4575 W.
1007 4526 1074 4574 1864
1093 4541 1139 4590 pp.
1161 4528 1208 4575 121
1230 4541 1289 4591 sqq.
