3442 5175
785 332 853 456 i55

234 584 339 654 Wide
370 583 454 668 142,
489 582 563 651 178.
595 582 644 651 Of.
681 582 715 650 C.
750 581 773 649 I.
800 582 840 649 G.
866 580 972 648 4449:
996 588 1104 661 πῶλος
1127 594 1193 650 τοῖν
1215 590 1403 668 ἀγιωτάτοιν

234 717 328 778 θεοῖν
350 706 469 795 (Wide
493 705 592 795 179),
617 706 696 789 vide
719 706 811 774 infra
835 705 909 773 Lib.
934 703 984 772 ΙΙΙ
1008 705 1026 793 §
1050 702 1103 772 15.

278 955 424 1023 Nummi
443 954 624 1022 autonomi
644 953 839 1042 Thelpusae
860 951 1068 1038 (nin-370)
1088 954 1126 1020 in
1146 951 1223 1019 adv.
1245 959 1405 1041 Δήμητρος,

233 1084 339 1167 caput
373 1079 557 1159 exhibent,
588 1078 625 1145 in
656 1098 709 1144 av.
735 1098 866 1166 equum
890 1078 1011 1165 (inser.
1034 1081 1171 1168 Ἕρμον).
1201 1077 1296 1144 Head
1318 1075 1402 1164 382,

236 1202 451 1270 Head-Svor.
485 1202 501 1268 Ι
535 1201 612 1268 561.
649 1200 718 1268 Alii
748 1221 888 1290 quoque
919 1202 1055 1270 nummi
1088 1185 1249 1269 Arcadici
1272 1220 1403 1288 equum

234 1330 296 1392 aut
318 1330 425 1414 caput
450 1325 617 1413 equinum
643 1324 827 1393 exhibent:
847 1341 850 1349 ·

278 1448 436 1516 Cleitoris
472 1448 651 1516 autonomi
683 1446 909 1537 (no-322),
941 1447 1018 1514 adv.
1049 1468 1118 1514 non
1151 1454 1318 1536 Δήμητρος,
1343 1446 1403 1515 sed

237 1577 419 1652 Παλλάδος
441 1577 557 1661 caput.
583 1571 679 1639 Head
703 1568 787 1655 371,
813 1570 1030 1639 Head-Svor.
1054 1552 1069 1637 I
1093 1569 1168 1638 562.

279 1696 410 1763 Phenei
444 1696 624 1764 autonomi
658 1700 752 1785 (post
786 1693 887 1780 362),
917 1695 995 1762 adv.
1030 1701 1209 1785 Ἀρτέμιόος
1237 1701 1404 1784 Εύρύππης

234 1825 340 1907 caput
363 1819 419 1904 (oi.
444 1821 546 1887 Paus.
570 1819 651 1887 Viil
675 1818 737 1903 14,
760 1818 805 1903 5).
831 1818 930 1885 Head
952 1816 1033 1899 378,
1056 1808 1271 1887 Head-Svor.
1292 1818 1402 1886 1570.

279 1942 400 2010 Totius
421 1942 593 2010 Arcadiae
617 1941 833 2031 imperatorii
857 1940 1022 2030 (Antinoi
1045 1940 1190 2030 efligies)
1211 1942 1308 2010 Head
1320 1940 1404 2024 373,

236 2064 452 2133 Head·Svor.
477 2066 493 2132 Ι
515 2063 592 2133 558.
1246 2059 1248 2062 ’

280 2315 297 2403 §
309 2314 385 2382 265.
401 2312 465 2405 [2].
479 2313 506 2381 P
517 2313 719 2402 higaliae
739 2315 937 2404 (Ἀρτέμιδος
949 2319 1139 2402 Εὐρυνόμης
1150 2314 1403 2404 Simulacrum).

280 2440 382 2506 Paus.
408 2436 487 2504 VHl
512 2436 572 2523 41,
592 2437 614 2503 5
633 2458 683 2526 sq.
706 2450 761 2524 την
781 2443 815 2505 di
834 2444 1028 2527 Εὐρυνόμην
1049 2448 1066 2506 ὁ
1084 2449 1145 2524 μέν
1165 2451 1226 2507 τῶν
1238 2444 1405 2526 Φιγαλέων

237 2570 336 2650 όῆμος
371 2569 540 2650 ἐπίκλησιν
574 2573 657 2632 εἶναι
691 2574 897 2633 πεπίστευκεν
928 2568 1117 2652 Ἀρτέμιόος·
1150 2572 1221 2633 όσοι
1244 2569 1278 2632 de
1301 2573 1405 2635 αὐτῶν

235 2696 475 2779 παρειλήφασιν
509 2696 724 2774 ύπομνηματα
757 2698 900 2777 ἀρχαῖα,
931 2695 1094 2777 θυγατέρα
1125 2693 1275 2757 Ὠκεανοῦ
1305 2718 1405 2776 φασιν

235 2825 318 2882 εῖναι
348 2825 404 2899 την
432 2819 643 2902 Εὐρυνόμην,
674 2824 711 2900 ης
733 2818 772 2897 όν)
793 2825 848 2881 καλ
870 2818 1011 2901 Ὅμηρος
1033 2821 1068 2881 έν
1091 2818 1211 2882 Ἰλιάδι
1234 2823 1405 2898 ἐποιήσατο

188 3024 191 3029 y
233 2947 364 3024 μνήμην
371 2991 380 3020 ,
415 2947 457 3016 ὡς
491 2945 573 3023 όμού
604 2941 707 3006 Θέτιδι
736 2942 923 3019 ύποόέξαιτο
954 2938 1146 3024 Ἥφαιστον.
1179 2947 1282 3028 ημέρφ
1313 2945 1347 3007 δέ
1370 2955 1406 3028 τῇ

235 3073 314 3152 αὐτῇ
336 3075 417 3131 κατὰ
439 3071 506 3142 ἔτος
528 3071 661 3131 ἕκαστον
683 3073 716 3130 τὸ
740 3072 826 3151 ἱερὸν
849 3070 1055 3147 ἀνοιγνύουσι
1074 3076 1127 3149 τῆς
1143 3069 1333 3152 Εὐρυνόμης
1352 3076 1406 3132 τόν

235 3194 269 3256 de
299 3195 405 3256 ἄλλον
435 3195 554 3275 χρόνον
585 3195 623 3254 οὐ
653 3195 763 3271 σφίσιν
794 3194 982 3270 ἀνοιγνύναι
1008 3191 1212 3274 καθέστηκεν.
1236 3199 1406 3273 τηνικαῦτα

235 3317 270 3380 όέ
299 3325 355 3380 καὶ
386 3319 505 3389 θυσύας
535 3314 674 3398 όημοσύφ
698 3337 729 3376 τε
751 3321 806 3376 καὶ
830 3314 952 3377 ἰδιῶται
974 3317 1122 3377 θύουσιν.
1147 3319 1323 3395 ἀφικέσθαι
1345 3322 1407 3395 μέν

236 3440 275 3523 όη
296 3462 354 3518 μοι
377 3447 429 3519 τῆς
452 3441 558 3520 ἑορτῆς
581 3441 639 3500 ούκ
661 3439 814 3516 ἐξεγένετο
838 3439 870 3510 ές
891 3441 1022 3520 καιρόν,
1047 3435 1121 3499 octe
1144 3445 1196 3517 τῆς
1217 3438 1407 3522 Εὐρυνόμης

235 3569 269 3626 τό
304 3565 438 3643 ἄγαλμα
472 3561 566 3625 εύόον·
601 3567 663 3639 τῶν
694 3561 860 3641 Φιγαλέων
891 3560 925 3646 δέ
954 3565 1076 3641 ηκουσα
1107 3565 1149 3635 ὡς
1178 3570 1296 3645 χρυσαῖ
1318 3585 1349 3624 τε
1372 3568 1406 3624 τό

237 3693 355 3765 ξόανον
389 3681 577 3749 συνθέουσιν
609 3686 740 3758 ἁλύσεις
773 3692 828 3747 και
859 3690 953 3747 εἰκὼν
982 3689 1131 3764 γυναικός
1164 3690 1202 3746 τὰ
1237 3688 1312 3768 ἀγρι
1345 3692 1406 3747 τῶν

236 3815 395 3893 γλουτῶν,
420 3816 454 3872 τό
478 3814 544 3873 ἀπό
567 3813 676 3872 τούτου
700 3809 735 3871 ύέ
756 3812 840 3872 ἐστιν
864 3811 968 3891 ἰχθύς.

279 4060 509 4128 Immerwahr
543 4060 591 4149 (p.
627 4058 707 4148 155)
737 4059 939 4127 dubitanter
968 4059 1123 4127 fabulam
1155 4060 1197 4127 de
1229 4060 1405 4149 Dictynna

236 4183 338 4251 affert
361 4183 509 4268 (Gallim.
535 4184 634 4251 Dian.
654 4182 720 4250 189
740 4205 833 4272 εφη,
855 4185 956 4252 Paus.
977 4184 1008 4251 ΙΙ
1028 4182 1091 4269 30,
1111 4184 1161 4275 2).
1184 4185 1235 4253 of.
1255 4184 1406 4252 Preller-

237 4307 366 4375 Robert
390 4305 405 4371 I
429 4304 513 4390 317,
537 4304 613 4375 480.
639 4306 688 4373 De
711 4310 842 4375 catenis
866 4307 945 4374 vide
969 4307 1107 4376 Lobeok
1132 4307 1301 4397 Aglaoph.
1322 4307 1405 4388 275,

237 4430 385 4498 Creuzer
408 4428 588 4518 Symbolik
612 4428 751 4514 11615,
775 4432 817 4500 cf.
843 4433 945 4499 Paus.
970 4429 1106 4516 11115,
1129 4430 1184 4498 11.
