3442 5175
873 420 940 490 230

369 726 406 793 Ε.
431 744 476 793 DE
501 743 640 794 NUMMIS
663 743 900 802 FREQUENTER
923 743 1098 794 ANIMALIA
1121 745 1394 797 EXHIBENTIBUS.

367 893 461 983 §aa
498 893 601 982 Apud
635 898 846 962 totemorum
881 895 1045 977 cultores,
1076 902 1116 964 ut
1146 917 1251 987 supra
1282 899 1487 986 diximus1),

271 1034 274 1040 ·
324 1019 451 1108 cuique
478 1019 575 1108 genti
598 1023 786 1103 totemum,
810 1019 903 1108 quod
926 1020 1065 1099 adorat,
1088 1042 1151 1111 pro
1175 1023 1272 1111 signo
1296 1028 1365 1103 est,
1389 1029 1430 1090 ut
1452 1024 1488 1090 in

324 1143 480 1210 omnium
511 1141 694 1230 gentilium
724 1144 812 1211 casis
842 1144 979 1232 scaphis
1010 1145 1117 1212 armis
1148 1147 1366 1235 depingatur.
1389 1147 1489 1225 Quod

324 1268 433 1356 igitur
465 1266 502 1334 in
536 1267 768 1355 complurium
803 1267 943 1336 urbium
979 1268 1193 1338 Graecarum
1227 1271 1381 1338 nummis
1415 1272 1490 1337 ani·

325 1390 429 1466 malie
458 1398 531 1459 tam
554 1391 755 1480 frequenter
779 1394 1040 1481 conspiciuntur
1049 1396 1093 1481 2),
1117 1400 1157 1463 ut
1179 1416 1242 1484 pro
1265 1400 1359 1464 certo
1381 1401 1491 1464 statu·

325 1516 454 1584 endum
488 1516 549 1596 sit,
585 1535 625 1582 ea
656 1515 820 1583 animalia
843 1517 988 1586 urbibus
1011 1518 1079 1587 illis
1102 1540 1165 1608 pro
1188 1520 1295 1608 signis
1317 1519 1434 1601 fuisse,
1454 1520 1491 1586 id

325 1640 412 1707 mihi
446 1640 609 1728 quintum
643 1639 811 1708 indicium
843 1661 917 1709 esse
949 1642 1106 1726 videtur,
1137 1644 1374 1711 totemismum
1398 1644 1492 1732 apud

326 1764 474 1833 Graecos
504 1764 634 1852 priscos
665 1764 833 1852 viguisse3
858 1766 956 1834 cuius
979 1767 1030 1834 rel
1052 1769 1210 1857 exempla
1233 1757 1400 1836 nonnulla
1422 1767 1493 1836 huc

326 1887 479 1956 afferam.

370 2012 515 2079 Nummi
539 2013 769 2082 Athenienses
793 2020 955 2083 noctuam
981 2017 1165 2103 exhibeut3
1190 2017 1233 2085 cf.
1258 2016 1395 2105 Ἀθηνᾶς
1417 2017 1505 2105 epi-.

326 2138 447 2205 theton
479 2145 677 2224 γλαυκῶπις,
710 2139 799 2228 quod
833 2162 854 2206 a
885 2161 967 2208 voce
999 2149 1100 2227 γλαῦξ
1123 2141 1353 2209 derivandum
1376 2161 1497 2218 essee

329 2283 410 2331 voce
432 2272 554 2348 βοῶπις
576 2268 737 2352 apparet,
762 2270 797 2330 et
820 2264 1062 2352 proverbium:
1088 2266 1200 2351 γλαῦκ’
1224 2275 1256 2345 ἐς
1278 2266 1429 2352 Ἀθήνας.

372 2388 411 2455 In
443 2389 597 2455 nummis
628 2387 767 2476 Argivis
798 2388 919 2475 lupum
955 2389 1157 2477 frequenter
1177 2390 1418 2477 conspicimus.
1443 2390 1493 2458 uf.

328 2513 530 2593 ’Λπόλλωνος
562 2518 700 2582 Λυκείου
733 2512 867 2581 cultum
902 2512 951 2580 ibi
985 2511 1198 2580 celebratum
1233 2514 1352 2604 (Paos.
1375 2515 1407 2581 Il
1431 2515 1494 2601 m,

329 2638 432 2726 Soph.
469 2637 593 2719 Electr.
627 2638 678 2726 6),
712 2644 747 2705 et
782 2638 930 2726 Hesych.
965 2658 992 2705 S·
1025 2659 1056 2704 v.
1088 2644 1221 2719 Λύκειος
1251 2651 1362 2732 ἀγορά·
1395 2650 1430 2708 ἐν
1458 2655 1496 2729 τῇ

329 2778 390 2832 τῶν
414 2764 567 2852 Ἀργείων.

373 2887 413 2959 In
432 2888 585 2955 nummis
605 2888 762 2976 Ephesiis
784 2889 858 2977 apis
883 2888 1103 2976 conspicitur.
1129 2889 1303 2978 Ἀρτέμιδος
1325 2890 1496 2978 Ephesiae

330 3012 499 3081 sacerdoti
523 3033 649 3080 nomeu
675 3012 794 3098 Ἐσσήυ
817 3013 939 3101 eratss).

307 3176 309 3181 ⁴
374 3138 517 3205 Nummi
574 3137 726 3226 Sicyonii
771 3136 983 3218 columbam,
1030 3137 1223 3231 Aeginetici
1263 3111 1496 3223 testudinem,

331 3261 552 3350 Agrigentini
574 3281 746 3349 pagurum
770 3261 953 3347 exhibent,
977 3282 1067 3349 quae
1090 3262 1188 3352 signa
1210 3261 1355 3330 fortasse
1378 3264 1497 3331 omnia

330 3387 569 3454 totemismum
591 3385 758 3453 redolent.

378 3619 412 3686 F.
436 3637 482 3686 nu
507 3634 676 3687 nuruum
700 3636 911 3685 porusrnru.

377 3788 471 3878 527.
504 3788 608 3877 Apud
638 3787 798 3876 populos,
830 3788 891 3875 qui
921 3792 1053 3854 totema
1083 3793 1312 3872 venerantur,
1335 3788 1435 3859 liberi
1459 3788 1498 3857 in

333 3914 472 3998 matriS,
505 3926 574 3980 non
598 3913 634 3979 iu
654 3913 766 4001 patris
789 3918 959 4000 potestate
982 3919 1081 3992 suut,
1106 3918 1145 3979 ut
1168 3934 1247 3982 cum
1272 3918 1401 3995 matre,
1425 3936 1498 3982 nou

333 4060 413 4107 cum
459 4043 557 4126 patre
604 4042 744 4126 gentem
789 4036 940 4104 habeant
986 4056 1222 4121 communem,
1264 4039 1357 4127 quod
1391 4060 1499 4127 supra

373 4318 392 4380 ¹)
412 4317 483 4369 Vide
503 4315 562 4367 Lib.
583 4316 630 4382 15
650 4304 690 4366 6(

372 4406 393 4472 2)
413 4406 484 4457 Vido
504 4404 563 4473 Lib.
583 4405 614 4456 II
634 4406 648 4471 ξ
668 4406 727 4455 271.

370 4494 391 4563 ³)
411 4494 481 4546 Vide
501 4510 584 4564 supra
603 4493 663 4546 Lib.
683 4493 730 4546 III
750 4493 764 4565 ἕ
784 4496 825 4548 16.
