3442 5175
884 404 951 475 240

335 602 445 671 multa
485 602 629 671 huiusce
663 602 715 671 rei
748 603 906 692 exempla
936 602 1085 671 exbibet.
1122 603 1296 685 Ἁπόλλων,
1335 603 1499 692 luminis,

335 732 406 806 aut,
441 732 481 795 ut
514 726 608 794 'liele
627 725 812 809 affirmat,
840 728 936 796 venti
966 727 1069 812 deus,
1100 726 1136 794 in
1167 727 1314 796 obelisco
1337 728 1499 797 habitare

335 851 539 940 cognomine
571 861 699 938 ἀγυιεύς
732 853 933 941 putabatur.
967 853 1105 940 Lupus,
1136 851 1339 941 delphinuS,
1378 853 1499 922 laurus

335 974 367 1041 ei
397 994 496 1042 sacra
530 980 652 1060 erant,
688 996 901 1065 magnasque
935 977 972 1043 in
1006 976 1138 1064 mythis
1169 976 1211 1042 de
1242 996 1282 1042 eo
1313 976 1499 1065 agentibus

336 1104 453 1186 partes
477 1099 636 1188 agebant.
668 1105 755 1180 Ζεύς,
781 1120 887 1188 quem
912 1099 1045 1168 coelum
1069 1101 1184 1167 nitens
1207 1120 1281 1168 esse
1304 1100 1498 1188 mythologi

335 1203 577 1312 comparativi¹
600 1223 846 1307 ostenderunt,
889 1223 1052 1293 Dodonae
1089 1224 1126 1291 in
1162 1224 1302 1309 arbore,
1337 1225 1497 1313 Gythiil)

335 1347 371 1413 in
418 1365 501 1414 saxo
547 1346 705 1415 babitare
751 1347 975 1432 credebatur3
1021 1349 1071 1416 ita
1116 1354 1311 1417 ceterorum
1358 1370 1498 1438 quoquo

335 1471 479 1539 deorum
511 1471 625 1541 cultus
659 1492 739 1540 cum
766 1472 921 1562 lapidum
947 1473 1105 1562 stipitum
1130 1472 1330 1561 plantarum
1361 1474 1498 1540 anima-

334 1595 421 1664 lium
452 1597 676 1664 veneratione
700 1596 1012 1687 coniungebantur.
1037 1596 1155 1681 Quod,
1179 1601 1219 1664 ut
1242 1617 1347 1685 supra
1370 1596 1499 1683 dixi2),

256 1716 259 1722 ’
335 1720 385 1787 ita
430 1719 674 1808 explicandum
720 1722 803 1789 mihi
850 1723 1010 1807 videtur,
1051 1727 1092 1790 ut
1131 1721 1179 1788 dii
1222 1722 1376 1810 supremi
1417 1741 1498 1789 cum

336 1843 563 1912 daemonibus
597 1847 780 1934 anonymis
814 1846 1032 1936 temporibus
1066 1846 1188 1936 priscis
1221 1846 1373 1914 adoratis
1414 1866 1499 1913 cou-

336 1969 403 2037 lusi
445 1968 532 2053 sint,
574 1989 663 2057 quae
706 1969 879 2051 conlusio,
922 1970 1069 2060 singulis
1104 1971 1140 2037 in
1176 1969 1393 2060 regionibuS,
1428 1991 1499 2058 quo

334 2093 489 2181 primum
512 2092 667 2161 'deorum
698 2092 838 2161 illorum
870 2094 984 2163 cultus
1007 2096 1217 2177 invaserint,
1242 2100 1336 2180 orta,
1358 2101 1499 2184 postea,

335 2218 463 2306 partim
502 2218 663 2306 quidem,
685 2196 762 2285 ¹toti
797 2217 963 2286 Graeciae
996 2219 1190 2289 communis
1223 2219 1316 2287 facta
1351 2219 1405 2286 sit.
1441 2218 1500 2286 Sic

336 2342 480 2411 fortasse
513 2343 633 2411 laurus
667 2343 744 2411 ideo
778 2343 931 2431 Apollini
962 2364 1059 2411 sacra
1091 2350 1176 2429 erat,
1206 2345 1289 2434 quia
1316 2344 1408 2423 Deli,
1437 2343 1501 2412 ubi

275 2551 277 2555 Ι
335 2468 488 2556 primum
519 2467 642 2535 Graeci
673 2467 871 2557 Apollinem
894 2469 1051 2537 venerati
1073 2488 1147 2537 esse
1171 2469 1352 2551 videntur,
1376 2469 1498 2538 laurus

336 2591 549 2661 colebantur.

380 2713 473 2804 §la
509 2714 687 2784 Eiusmodi
721 2720 838 2784 autem
874 2716 1082 2785 daemonum
1106 2716 1172 2784 diis
1195 2717 1498 2785 assimilandorum

335 2842 425 2910 ratio
470 2841 636 2931 explicat,
679 2861 742 2909 cur
782 2842 1044 2930 superstitiones
1083 2843 1218 2931 priscae
1259 2849 1330 2910 tam
1365 2843 1425 2911 diu
1460 2844 1499 2910 in

336 2967 480 3035 Graecia
509 2986 690 3034 remanere
717 2967 904 3055 potuerint.
936 2966 1038 3052 Quis,
1062 2968 1122 3055 qui
1144 2967 1289 3035 deorum
1312 2967 1499 3035 simulacra

335 3093 585 3182 pulcherrima,
612 3113 632 3159 a
656 3091 797 3178 Phidia,
820 3092 1012 3177 Praxitele,
1038 3093 1114 3160 aliis
1137 3091 1329 3160 artificibus
1352 3091 1497 3180 sculpta,

336 3217 479 3298 viderit,
514 3216 607 3304 quis,
645 3235 792 3303 quaes0,
826 3216 911 3304 ipsis
941 3215 1080 3283 illorum
1111 3214 1284 3285 aetatibus
1318 3216 1498 3304 multoque

334 3346 412 3429 post
434 3337 583 3408 eundem
606 3340 771 3426 populum
795 3358 878 3405 saxa
899 3336 1015 3423 rudia,
1040 3358 1153 3421 conos,
1165 3338 1341 3424 obeliscos
1353 3340 1497 3428 stipites,

335 3466 492 3546 arbores,
538 3462 702 3530 animalia
747 3462 864 3530 divino
909 3463 1039 3530 honore
1083 3462 1242 3552 dignasse
1287 3462 1498 3530 crediderit?

335 3590 464 3674 Nemo,
494 3589 632 3677 opinor3
667 3593 704 3654 at
736 3593 854 3654 tamen
889 3588 1074 3677 scriptores
1107 3593 1142 3655 et
1175 3593 1401 3656 monumenta
1435 3609 1499 3656 nos

336 3715 478 3801 docent,
512 3735 550 3783 re
583 3734 665 3781 vera
698 3713 735 3780 in
771 3712 916 3780 Graecia
950 3714 1048 3780 iuxta
1071 3713 1499 3803 anthropomorpbismum

335 3860 442 3929 quam
483 3838 649 3905 latissime
686 3843 864 3926 patentem
899 3839 1028 3928 priscas
1063 3857 1201 3927 quoque
1235 3838 1500 3925 superstitiones

335 3964 411 4032 illas
434 3963 603 4051 viguisse,
627 3982 740 4051 neque
764 3983 933 4051 umquam
956 3963 1058 4051 plane
1082 3962 1269 4033 exstinctas
1292 3982 1376 4029 esse.

379 4086 473 4178 §aa
509 4086 575 4154 Sed
609 4087 703 4155 aliud
739 4093 791 4155 est
825 4088 869 4155 ab
899 4088 1097 4155 adversario
1131 4108 1324 4177 numquam
1355 4107 1502 4176 prorsus

336 4275 547 4288 h-——n-——n

373 4402 393 4469 ι)
411 4401 491 4453 Paua.
514 4381 562 4452 111
581 4403 622 4466 aa,
642 4400 674 4466 13
693 4399 756 4453 uae
775 4401 835 4452 nro.
854 4401 886 4452 11
905 4402 920 4467 a
940 4403 982 4451 47.

372 4489 393 4558 ⁹>
412 4490 473 4542 ub.
493 4490 507 4541 1
526 4491 541 4556 s
562 4492 605 4542 ra.
