3442 5175
781 363 865 439 247*

240 589 308 637 non
339 588 400 658 pro
429 569 642 656 argumentis
673 567 797 634 adduci
826 586 925 656 posse
948 566 991 633 ab
1015 586 1071 645 eo,
1096 567 1156 655 qui
1178 567 1273 655 palos
1295 568 1389 656 capi·

238 699 329 761 talos
369 691 552 760 simulacra
586 712 724 780 prorsus
758 691 911 758 bumana
944 691 1167 778 praecessisse
1201 691 1390 779 perhibeat.

240 816 306 884 Sed
340 816 507 885 ruricolae
539 835 674 904 semper
708 819 743 882 et
772 814 900 903 ubique
931 819 1129 903 pervetusta
1160 814 1391 883 amaioribus

239 941 367 1008 tradita
397 945 576 1028 tantopere
606 938 784 1023 foverunt,
815 943 856 1006 ut
887 937 1071 1006 simulacra
1102 938 1220 1022 rudia,
1244 938 1390 1028 posteri-

240 1065 356 1133 oribus
389 1063 603 1152 temporibus
636 1062 751 1130 adhuc
784 1063 896 1147 culta,
930 1083 1050 1132 eorum
1085 1065 1222 1153 proavis
1253 1084 1391 1154 quoque

239 1188 452 1256 venerationi
475 1188 579 1256 fuisse
601 1207 662 1276 pro
686 1191 779 1254 certo
802 1186 1026 1255 statuendum
1049 1188 1104 1255 sit.
1125 1187 1238 1256 Aliam
1251 1189 1391 1277 quidem

239 1312 414 1400 regionem
438 1310 505 1378 alia
528 1312 693 1378 maiorem
715 1330 797 1399 erga
821 1315 940 1378 vetera
962 1311 1127 1399 pietatem
1151 1312 1312 1380 habuisse
1331 1332 1393 1400 per

240 1456 275 1503 se
297 1435 518 1525 intelligitur;
542 1436 648 1503 sicin
671 1435 812 1503 Boeotia
834 1434 947 1503 adbuc
970 1435 1113 1503 Maximi
1137 1437 1233 1523 Tyrii
1242 1438 1267 1522 1)
1280 1440 1393 1503 aetate

239 1559 395 1628 ruricolis
417 1560 533 1628 trunci
554 1579 616 1648 pro
640 1560 783 1648 Dionysi
804 1560 911 1647 signis
933 1564 1050 1647 erant,
1073 1561 1110 1627 in
1134 1560 1250 1629 Attica
1272 1565 1393 1628 contra

239 1685 308 1751 iam
342 1684 401 1752 diu
436 1688 537 1751 antea
567 1682 662 1772 palos
693 1684 834 1752 vestitos
865 1690 969 1774 atque
992 1684 1159 1773 capitatus
1183 1685 1326 1774 Dionysi
1350 1684 1394 1751 si·

240 1808 473 1876 mulacrorum
507 1808 581 1876 vice
604 1808 740 1876 functos
763 1827 836 1875 esse
857 1808 1014 1896 picturae
1037 1807 1232 1875 vasculares
1257 1808 1393 1876 Atticae

240 1953 344 2022 supra
388 1932 511 2001 allatae
551 1938 742 2017 testantur3
783 1953 897 2022 neque
936 1911 1121 2022 quisquam
1165 1932 1393 2017 dubitaverit,

240 2058 325 2146 quIn
347 2061 431 2125 tuno
454 2075 592 2146 quoque
614 2057 779 2146 temporis
802 2056 1008 2125 iamdudum
1032 2057 1069 2123 in
1092 2057 1234 2146 Dionysi
1256 2057 1393 2146 templis

241 2180 424 2249 simulacra
446 2202 586 2270 prorsus
610 2182 763 2249 humana
785 2181 929 2248 adorata
948 2182 1033 2265 sint3
1054 2182 1112 2249 sed
1132 2182 1169 2249 in
1179 2181 1272 2271 agris
1283 2186 1393 2266 vetus,

240 2305 319 2372 licet
342 2325 411 2373 non
437 2306 682 2387 vetustissima,
705 2306 882 2394 religionis
904 2305 1014 2373 forma
1037 2310 1261 2374 remanserat.

285 2428 441 2497 Nolimus
463 2430 570 2518 igitur
592 2429 731 2497 credere
755 2427 939 2497 simulacra
957 2430 1394 2519 humanapaloscapitatos

240 2553 481 2640 praecessisse,
504 2574 585 2621 nam
608 2552 717 2621 multo
740 2552 950 2642 probabilius
972 2558 1041 2639 est,
1061 2555 1190 2644 uquue
1202 2555 1239 2622 in
1250 2553 1394 2623 Graecia

241 2675 321 2742 olim
354 2681 495 2746 truncos
528 2678 631 2746 rudes
663 2678 877 2746 venerationi
898 2678 1021 2763 fuisse,
1044 2678 1185 2764 deinde,
1209 2679 1394 2769 anthropo·

242 2801 450 2889 morphismo
474 2802 719 2890 pedetemptim
741 2801 1000 2890 progrediente,
1023 2802 1118 2892 palos
1140 2802 1216 2871 illos
1241 2804 1394 2873 vestibus

241 2929 275 2990 et
305 2925 417 3013 capite
447 2926 633 2994 instructos
664 2946 754 3012 esse,
785 2926 969 2994 simulacra
992 2926 1140 3015 denique
1163 2947 1303 3016 prorsus
1326 2928 1393 2996 hn-

241 3067 342 3115 mana
365 3050 469 3117 deum
491 3054 773 3139 repraesentasse.
798 3049 876 3118 Alia
888 3055 1005 3118 autem
1017 3051 1054 3118 in
1065 3051 1203 3139 regione
1215 3052 1394 3136 ruricolae,

240 3171 393 3240 velutin
416 3174 572 3259 Boeotia,
596 3175 770 3263 usquead
793 3174 968 3263 religionis
987 3174 1201 3243 Christianae
1213 3175 1392 3243 victoriam

241 3297 430 3366 absolutam
461 3299 683 3367 letissismum
714 3299 887 3367 sincerum
917 3298 1154 3383 retinuerunt,
1177 3298 1212 3365 in
1236 3299 1303 3366 alia
1324 3320 1394 3367 non

240 3422 306 3490 nisi
328 3422 426 3490 tarde
449 3422 491 3490 de
510 3442 549 3490 eo
561 3422 605 3490 ad
616 3422 844 3490 idololatriam
856 3423 882 3508 ²)
895 3422 1124 3506 transierunt3
1137 3422 1262 3490 urbani
1274 3428 1393 3490 contra

241 3566 319 3613 mox
334 3547 612 3636 superstitionem
624 3552 776 3614 veterem
788 3546 988 3614 abiecerunt
999 3550 1034 3613 et
1045 3545 1229 3615 simulacra
1241 3548 1393 3614 humana

240 3671 382 3739 adorare
406 3677 608 3761 coeperunt,
631 3672 742 3759 prImo
753 3670 1007 3758 rudia,deinde
1018 3670 1231 3759 pulchriora,
1244 3671 1392 3760 denique

240 3796 463 3865 subtilissima
485 3802 559 3864 arte
581 3796 744 3864 confecta.

278 4102 297 4169 ¹)
315 4101 389 4154 Max.
408 4102 471 4170 Tyr.
490 4101 565 4154 VIII
586 4106 618 4153 1:
638 4103 685 4154 καὶ
702 4103 821 4172 γεωργοὶ
839 4101 977 4155 Διόνυσον
986 4106 1087 4172 τιμῶσι
1097 4103 1234 4170 πήξαντες
1243 4103 1275 4153 ἐν
1283 4102 1391 4171 ὀρχάτῳ

241 4192 378 4262 αὐτοφυὲς
396 4193 538 4261 πρέμνον,
557 4192 723 4262 ἀγροικικὸν
740 4190 866 4261 ἄγαλμα.

279 4279 298 4347 l)
318 4280 448 4341 Quotiens
466 4279 577 4331 vocibus
593 4278 665 4331 idolo
676 4282 702 4331 et
712 4279 870 4331 idololatria
879 4283 955 4346 utor,
965 4296 1070 4346 sempor
1081 4279 1226 4332 simulacra
1236 4278 1347 4331 deorum
1357 4309 1392 4318 —

243 4369 402 4437 plerumque
431 4370 560 4436 humana,
587 4368 726 4421 interdum
754 4367 881 4422 animalis
901 4369 990 4436 figura
1007 4399 1042 4407 —
1060 4368 1193 4438 significo,
1211 4369 1311 4437 quibus
1328 4368 1391 4421 deos

243 4457 313 4524 ipsos
333 4457 529 4525 quodammodo
548 4458 675 4526 effingere
693 4458 784 4512 conati
802 4461 866 4512 sunt
885 4458 1015 4510 homines.
