3442 5175
887 397 932 467 90

327 601 419 664 sunt.
444 594 483 663 ln
508 595 620 662 medio
643 595 813 683 tripusl‘l)
840 616 945 683 supra
967 615 1071 683 quem
1091 594 1173 663 luna
1193 594 1383 662 dimidiata.
1400 595 1492 662 Haec

327 741 465 810 quoquc
484 740 622 808 gemma
638 719 759 787 cadam
773 719 874 787 modo
887 740 908 786 a
921 720 947 785 F
950 718 1205 807 urtwacnglcro
1218 720 1420 808 explicatur,
1432 719 1492 788 sed

327 845 409 934 quia
432 843 526 912 nullu
549 843 687 912 vinculo
706 844 911 911 coniunctae
923 848 1005 911 sunt
1017 843 1216 928 columnae,
1230 845 1492 933 attripusintcr

327 990 384 1037 eas
407 968 592 1038 collocatus
615 989 688 1036 csse
708 968 865 1050 videtur,
886 967 973 1036 nihil
992 973 1045 1036 cst
1065 989 1127 1036 cur
1147 968 1238 1036 hanc
1257 969 1491 1038 coniecturam

327 1094 546 1182 accipiamus.
585 1094 671 1163 Ulut
704 1100 773 1179 cst,
805 1094 950 1162 deorum
985 1093 1204 1182 quorundam
1232 1093 1330 1162 sedes
1359 1094 1396 1160 in
1426 1093 1491 1160 hac

327 1239 464 1307 gemma
500 1219 651 1306 conspici
685 1224 818 1287 astrum
854 1224 889 1286 ct
924 1219 1006 1286 luna
1042 1217 1203 1303 dimidia,
1234 1239 1324 1307 quac
1356 1220 1492 1307 saepius

326 1343 363 1409 in
399 1343 551 1411 nummis
584 1344 677 1411 saxis
709 1345 815 1412 sacris
850 1343 1066 1433 superposita
1097 1348 1188 1429 sunt,
1221 1343 1375 1412 indicare
1407 1343 1493 1410 mihi

328 1466 500 1536 videntur.

373 1798 425 1865 ΙΙ.
449 1799 499 1866 Dc
523 1799 615 1882 palis
640 1801 676 1867 ct
699 1799 886 1883 stipitibus
909 1819 930 1866 a
954 1799 1098 1869 Graccis
1123 1800 1349 1867 vunuratiunc
1373 1799 1493 1881 digna·

328 1925 397 2007 tis,
430 1942 500 1990 ncn
532 1924 683 2007 amplius
711 1924 793 2005 qula
817 1923 962 1991 (lacrum
986 1924 1086 1992 sulus
1110 1927 1246 2013 assant,
1270 1925 1331 1993 scd
1355 1925 1494 1991 tantum

330 2051 412 2133 quia
443 2049 588 2116 icarum
619 2051 760 2133 sceptra
783 2050 939 2118 fuissent
961 2052 1023 2118 aut
1046 2052 1117 2119 alic
1141 2051 1242 2119 modu
1266 2051 1310 2117 ad
1334 2068 1393 2118 uus
1416 2070 1493 2134 pcr-

329 2177 498 2244 tincrcnt.

374 2370 467 2461 §ull
494 2370 558 2462 [l].
584 2368 888 2452 Chaeroneae,
911 2370 948 2437 iu
971 2369 1057 2439 urbe
1081 2370 1251 2438 Boeotiae.

374 2497 476 2564 Paus.
513 2495 562 2562 IX
595 2492 656 2576 40,
687 2493 741 2561 Μ.
778 2500 867 2563 θεῶν
897 2501 930 2563 δέ
959 2503 1102 2581 μάλιστα
1125 2501 1303 2584 Χαιρωνεῖς
1327 2509 1438 2581 τιμῶσι
1461 2508 1496 2564 τδ

331 2637 487 2711 σκῆπτρον
522 2631 539 2689 ὃ
578 2635 710 2706 ποιῆσαι
745 2627 793 2689 Διί
827 2649 924 2708 φησιν
957 2627 1097 2710 Ὅμηρος
1130 2627 1322 2707 Ἥφαιστον,
1353 2634 1442 2711 παρὰ
1461 2628 1496 2690 δὲ

331 2754 401 2826 Διὸς
431 2754 576 2832 λαβόντα
608 2752 730 2835 Ἑρμῆν
755 2752 867 2814 δοῦναι
890 2751 1029 2827 Πέλοπι,
1054 2751 1193 2813 Πέλοπα
1217 2751 1251 2812 δὲ
1275 2748 1378 2834 Ἀτρεῖ
1399 2774 1494 2813 κατα-

330 2881 447 2955 λιπεῖν,
477 2883 530 2939 τδν
561 2877 594 2938 δὲ
626 2874 738 2960 Ἀτρέα
770 2875 898 2959 θυέστη,
923 2882 1012 2959 παρὰ
1036 2875 1174 2937 θυέστου
1198 2875 1231 2936 δὲ
1253 2879 1338 2956 ἔχειν
1361 2876 1495 2956 Ἀγαμέ-

329 3028 444 3086 μνονα·
477 3010 566 3065 τοῦτο
598 3007 656 3065 οὖν
687 3007 721 3063 τὸ
752 3009 909 3085 σκῆπτρον
934 3004 1074 3081 σέβουσι,
1099 3000 1175 3084 δόρυ
1199 3002 1417 3080 ὀνομάζοντες.
1441 3009 1496 3062 καί

332 3136 414 3193 είναι
444 3132 504 3209 μέν
527 3152 554 3189 τι
577 3130 742 3210 θειότερον
765 3131 826 3209 οὐχ
848 3134 960 3208 ἥκιστα
983 3126 1076 3208 δηλοῖ
1098 3131 1132 3187 τὸ
1156 3128 1187 3198 ές
1210 3131 1281 3198 τοὺς
1304 3128 1497 3208 ἀνθρώπους

331 3259 482 3336 ἐπιφανές
504 3257 537 3330 έξ
560 3257 665 3314 αὐτοῦ·
692 3261 772 3332 φασί
795 3253 829 3314 δὲ
852 3256 905 3314 ἐπί
928 3226 991 3325 τοῖς
1014 3256 1099 3334 ὅροις
1119 3254 1222 3312 αὐτῶν
1241 3257 1296 3311 καί
1314 3250 1496 3313 Πανοπέων

332 3388 392 3442 τῶν
415 3339 449 3440 ἐν
472 3385 507 3460 τῇ
532 3376 648 3438 Φωκίδι
672 3378 854 3460 εὑρεθῆναι,
879 3383 938 3439 σὺν
961 3377 994 3438 δέ
1019 3380 1102 3455 αὐτῷ
1125 3382 1179 3437 καί
1197 3379 1317 3458 χρυσὸν
1337 3377 1496 3458 εθρασθαι

333 3509 404 3577 τοὺς
434 3502 560 3576 Φωκεῖς,
585 3507 675 3581 σφίσι
700 3500 733 3562 δέ
757 3505 908 3581 ἀσμένοις
930 3506 1000 3563 ἀντί
1024 3507 1145 3585 χρυσοῦ
1168 3500 1320 3580 γενέσθαι
1342 3502 1375 3559 ιδ
1399 3505 1495 3577 σκῆπ·

333 3653 414 3714 τρον.
450 3629 648 3707 κομισθῆναι
683 3626 716 3687 δέ
751 3631 827 3688 αὐτὸ
858 3631 890 3700 ἐς
921 3633 975 3706 τὴν
1006 3625 1133 3689 Φωκίδα
1163 3629 1226 3685 aaa
1249 3623 1423 3705 Ἠλέκτρας
1445 3630 1497 3702 τῆς

334 3753 572 3834 Ἀγαμέμνονος
613 3754 780 3832 πείθομαι.
822 3752 912 3825 Ναδς
952 3751 986 3812 δὲ
1025 3754 1082 3813 οὐκ
1124 3752 1207 3811 ἔστιν
1241 3751 1324 3827 αὐτῷ
1358 3748 1496 3829 δημοσίᾳ

333 3882 554 3960 πεποιημένος,
587 3878 677 3938 ἀλλὰ
707 3882 787 3938 κατὰ
817 3879 884 3948 ἔτος
907 3879 1039 3937 ἕκαστον
1062 3878 1080 3935 δ
1103 3876 1272 3956 ἱερώμενος
1294 3876 1329 3935 έν
1350 3877 1497 3952 οἰκήματι

334 4009 400 4088 ἔχει
431 4009 465 4065 τὸ
497 4011 662 4086 σκῆπτρον·
694 4007 749 4064 καί
780 4007 811 4063 οί
842 4003 958 4063 θυσίαι
989 4004 1053 4061 ἀνὰ
1076 4004 1185 4061 πᾶσαν
1207 4000 1329 4080 ἡμέραν
1350 3976 1503 4072 θύονται)

334 4139 388 4193 καί
408 4129 548 4213 τράπεζα
567 4130 756 4211 παράκειται
776 4127 989 4190 παντοδαπῶν
1003 4133 1103 4209 κρεῶν
1114 4131 1168 4187 καί
1180 4125 1353 4202 πεμμάτων
1364 4123 1494 4204 πλήρης.

379 4354 473 4445 §95
499 4354 563 4446 [2].
596 4353 719 4422 Euseb.
751 4353 873 4441 Pl’aep.
902 4352 1031 4437 Evang.
1055 4351 1070 4418 I
1093 4349 1125 4416 9.
1149 4353 1287 4436 ῥάβδους
1309 4357 1495 4435 ἀφιερῶσαι,

337 4497 391 4552 καί
413 4490 532 4561 τούτοις
554 4489 662 4569 ἑορτὰς
685 4488 774 4564 ἄγειν
796 4483 864 4545 κατ’
887 4486 960 4556 ἔτος.
