3442 5175
872 399 937 468 170

319 600 347 667 B
364 599 394 667 1.
419 599 494 667 Deli
799 604 931 680 ξύλινον
949 603 1084 682 ἄγαλμα
1096 597 1153 683 (i).
1445 597 1490 665 88

418 724 566 812 Sicyone
794 722 956 810 Lignum,
975 720 1012 787 in
1038 726 1078 787 Ἃ.
1104 726 1226 789 Λυκίου
1248 721 1398 809 templo,

831 844 931 913 cuius
940 845 1067 913 cortice
1076 844 1149 933 lupi
1158 847 1273 913 necati
1285 851 1397 914 erant.
1443 845 1486 913 07

319 974 345 1041 0
362 972 393 1041 1.
418 972 493 1040 Deli
798 970 933 1037 Laurus
946 968 1010 1037 sub
1022 990 1092 1058 qua
1111 976 1392 1039 'Andttevnatus

842 1097 928 1161 erat
1421 1095 1488 1163 105

799 1218 919 1286 Palma
939 1217 1004 1286 sub
1024 1239 1094 1307 qua
1111 1225 1283 1289 Ἀπόλλων
1295 1225 1399 1288 natus

841 1349 926 1410 erat.
1423 1343 1488 1411 106

779 1466 1014 1554 Oleasubqua
1024 1470 1191 1536 Ἀπόλλων
1200 1474 1303 1536 natus
1312 1474 1397 1536 erat.
1422 1467 1487 1535 107

420 1594 561 1683 Delphis
798 1592 934 1659 Laurus
957 1592 1055 1660 iuxta
1079 1594 1153 1661 eius
1176 1594 1360 1682 tripodem,
1423 1593 1488 1661 108

416 1720 457 1787 In
482 1717 569 1786 valle
594 1718 757 1806 Tempe'ia
796 1716 932 1785 Laurus
955 1717 1055 1784 cuius
1078 1716 1199 1785 froude
1219 1717 1305 1786 deus
1325 1739 1399 1787 sese

841 1844 1078 1908 coronaverat.
1422 1842 1488 1910 100

420 1967 460 2034 ln
490 1967 630 2055 regione
665 1964 773 2033 Aulo·
798 1964 964 2033 Platanus
994 1965 1037 2032 de
1068 1986 1137 2053 qua
1161 1968 1207 2033 Ἀ,
1224 1966 1399 2055 Marsyam

463 2112 567 2159 crena
844 2089 1083 2179 suspenderat.
1424 2090 1489 2159 110

420 2215 612 2304 Metaponti
798 2215 934 2306 Laurus
972 2214 1104 2282 ahenea
1147 2235 1236 2303 quae
1279 2235 1400 2284 vocem

843 2337 1010 2406 ediderat.
1423 2340 1490 2409 111

353 2507 356 2512 -
421 2465 600 2553 Syracusis
799 2470 974 2532 Ἀπόλλων
996 2469 1158 2551 deputans.
1423 2465 1491 2534 2214

421 2590 593 2656 Troezene
884 2638 898 2668 ‚
994 2594 1236 2670 Πλατανὶστιος.
1452 2641 1465 2669 „

321 2713 394 2781 08.
419 2713 494 2781 Deli
795 2712 917 2780 Palma
940 2712 1004 2781 sub
1028 2734 1097 2801 qua
1120 2716 1167 2780 Ἀ,
1189 2718 1292 2782 natus
1313 2720 1400 2782 erat.
1427 2715 1491 2783 100

420 2837 523 2906 Cierii
799 2843 838 2904 Ἃ,
859 2836 982 2904 sedens
1002 2842 1082 2905 ante
1095 2837 1254 2905 arborem
1268 2839 1399 2907 circum

844 2982 950 3050 quam
976 2962 1126 3030 volvitur
1149 2983 1300 3057 serpens.
1424 2962 1491 3031 188

422 3088 611 3156 Alabandis
800 3095 847 3155 Ἀ.
873 3093 1015 3167 Κίσσιος.
1424 3089 1492 3157 ald

322 3212 347 3280 C
362 3210 394 3279 3.
419 3212 638 3280 Chaeroneae
802 3218 840 3278 Ἄ.
868 3218 1098 3301 Δαφναφόριος.
1451 3264 1465 3296 „

322 3338 394 3406 05.
418 3337 559 3427 Delphis
801 3337 936 3404 Laurus
960 3335 1135 3424 Delphica.
1425 3335 1492 3404 108

322 3446 394 3531 0οζ
488 3512 532 3547 ,,.
860 3512 875 3544 „
1037 3511 1051 3544 „
1159 3532 1163 3537 ,
1424 3461 1492 3530 108

324 3588 394 3657 Di.
422 3589 598 3656 Hamaxili
802 3587 918 3654 Mures
942 3591 1143 3665 ’Λπόλλωνος
1164 3591 1337 3671 Σμινθίου,
1425 3585 1493 3655 218

802 3711 880 3778 Mus
902 3710 1001 3778 iuxta
1038 3761 1053 3793 ‚‚
1236 3760 1251 3793 „
1335 3711 1401 3777 tri·

801 3835 937 3924 podem.
1318 3824 1321 3829 ’

297 3962 300 3970 ’
425 3964 465 4032 In
490 3962 687 4033 Acarnania
799 3960 898 4028 Circa
927 3966 974 4026 Ἀ.
1000 3965 1125 4027 Ἀκτίου
1147 3957 1317 4047 templum
1341 3958 1403 4026 bos

847 4086 974 4153 muscis
998 4083 1269 4152 sacrificabatur.
1425 4083 1493 4150 810

427 4213 567 4303 Delphis
734 4202 736 4207 ’
803 4211 894 4299 Lupi
918 4210 1020 4291 culti,
1041 4208 1402 4297 quialupusindicas·

846 4341 898 4403 set
921 4334 981 4402 uhi
1004 4354 1060 4401 res
1083 4353 1208 4400 aureae
1232 4353 1251 4398 e
1273 4331 1403 4420 templo

844 4464 1024 4547 surreptae
1047 4457 1200 4526 defossae
1225 4463 1350 4525 essent.
1426 4457 1495 4524 256
