3442 5175
882 408 904 475 li

310 623 419 690 usqne
450 603 494 669 ad
526 608 675 669 mortem
707 603 866 670 animum
902 604 938 670 in
972 623 1115 691 corpore
1145 603 1242 671 velut
1275 604 1311 670 in
1341 624 1482 671 carcere

307 723 481 792 inclusum
516 745 590 792 esse
623 729 743 813 putat,
776 726 836 792 sed
868 727 974 793 etiam
996 727 1033 793 in
1057 727 1128 793 vita
1152 747 1194 793 ex
1218 746 1258 793 eo
1284 726 1479 812 discedere,

308 849 428 915 eodem
462 850 606 932 reverti,
638 848 745 916 libere
772 851 1046 938 circumvagari,
1070 850 1107 917 in
1130 849 1198 917 alia
1221 870 1366 938 corpora
1390 851 1479 916 irre-

308 992 390 1059 pere
414 991 513 1059 posse
537 991 618 1039 eum
642 973 828 1040 existimat.

353 1092 425 1180 §a
452 1094 499 1160 Ut
522 1098 639 1165 autem
665 1095 756 1183 ipse,
780 1096 829 1162 ita
854 1096 1019 1162 animalia
1043 1115 1199 1183 quoque,
1225 1094 1383 1184 plantae,
1408 1116 1480 1163 om·

219 1219 226 1276 5
310 1235 371 1282 nes
394 1215 545 1304 denique
569 1238 624 1284 res
647 1218 804 1286 animum
826 1217 956 1285 hahere
975 1220 1008 1286 ei
1028 1218 1209 1302 videntum
1230 1220 1342 1307 qualis
1362 1240 1480 1287 rerum

309 1339 611 1428 percipiendarum
638 1342 727 1408 ratio
751 1341 839 1409 nihil
859 1341 965 1408 hahet
984 1342 1159 1431 singulare
1172 1342 1226 1409 vel
1239 1342 1387 1427 insoliti,
1400 1364 1482 1410 nam

309 1465 449 1552 penitus
484 1465 659 1532 humanae
690 1466 799 1532 menti
831 1466 937 1533 insita
969 1470 1039 1550 est,
1070 1468 1199 1555 quippe
1231 1488 1320 1554 quae
1350 1467 1481 1556 ubique

310 1589 365 1655 sui
388 1589 497 1676 ipsius
519 1590 711 1677 imaginem
732 1610 919 1678 agnoscere
938 1590 1056 1658 soleat.
1070 1591 1237 1670 Quamvis
1250 1591 1364 1659 cultus
1376 1597 1482 1680 atque

311 1715 469 1782 eruditus
500 1715 603 1781 horno
638 1716 701 1796 sit,
737 1735 932 1803 numquam
965 1715 1092 1783 talibus
1116 1736 1235 1784 rerum
1258 1721 1482 1784 externarum

310 1837 591 1927 perceptionibus
614 1858 688 1905 sese
707 1858 848 1926 prorsus
868 1838 1017 1905 liberare
1037 1839 1175 1927 poterit.
1197 1838 1356 1908 Nolimus
1375 1839 1484 1927 igitur

311 1963 432 2029 mirari
463 1963 553 2029 hanc
584 1962 692 2028 animi
715 1961 978 2029 inclinationem
1002 1961 1147 2050 populos
1170 1962 1320 2030 incultos
1343 1963 1387 2030 ad
1411 1983 1483 2030 cer·

310 2093 384 2154 tam
405 2085 582 2173 quandam
599 2084 680 2151 deos
692 2084 758 2151 sihi
772 2075 927 2171 fingendi
938 2085 1109 2152 rationem
1122 2086 1335 2173 perduxisse.
1349 2085 1483 2164 Quibus

312 2213 399 2279 bene
419 2211 598 2299 perpensis
622 2209 713 2277 clare
737 2213 883 2297 apparet
906 2209 1152 2290 animismum,
1176 2210 1298 2298 quiin
1322 2208 1484 2278 omnibus

312 2334 463 2402 cultibus
497 2333 589 2401 tanti
618 2333 787 2399 momenti
820 2333 884 2416 sit,
916 2333 1031 2420 ipsum
1062 2352 1133 2400 non
1164 2354 1238 2401 esse
1260 2333 1483 2423 religionem,

312 2457 372 2524 sod
398 2457 513 2545 potius
537 2456 810 2545 philosophiam,
833 2460 874 2522 ut
893 2456 943 2522 ita
963 2456 1094 2536 dicam,
1117 2455 1319 2544 popularem
1330 2458 1366 2542 1).
1387 2456 1483 2534 Quae

313 2577 531 2669 philosophia
566 2601 644 2647 cum
682 2580 810 2647 sensim
843 2579 1014 2669 paulatim
1044 2579 1148 2648 latius
1171 2584 1291 2669 patere
1314 2581 1483 2669 coeperit,

313 2704 448 2770 animos
479 2704 566 2770 tales
597 2723 666 2770 non
698 2703 810 2771 solum
841 2704 988 2792 singulis
1011 2703 1115 2771 rebus
1138 2704 1269 2787 inesse,
1293 2703 1352 2771 sed
1377 2705 1484 2771 etiam

313 2828 392 2896 sede
423 2833 581 2895 carentes
611 2827 741 2916 ubique
765 2827 1016 2896 circumvolare
1040 2827 1239 2916 credunt2).
1264 2827 1387 2916 Itaque
1410 2848 1484 2895 sese

264 3010 267 3019 ,
313 2953 468 3041 undique
499 2953 625 3019 animis
656 2952 890 3020 circumdatos
921 2973 995 3019 esse
1018 2956 1200 3040 putanteS,
1224 2971 1351 3039 eosque
1376 2951 1486 3018 menti

313 3099 396 3146 suae
415 3079 571 3166 ipsorum
591 3075 841 3162 assimilantem
854 3077 940 3145 alios
953 3076 1018 3145 sibi
1030 3076 1259 3145 infestosesse
1272 3076 1485 3160 existimant,

231 3326 233 3329 '
314 3316 539 3369 vaticinationem
559 3333 607 3384 per
619 3316 798 3384 crystallum,
809 3320 836 3367 et
846 3316 1094 3368 hallucinationem
1106 3331 1177 3383 quae
1187 3317 1301 3367 vocatur
1312 3317 1339 3366 et
1349 3315 1485 3367 insaniam

313 3405 447 3471 alicuius,
475 3407 523 3473 qui
553 3404 728 3457 adsumens
754 3405 873 3472 quodam
899 3407 1043 3472 correptus
1069 3404 1119 3469 sit,
1140 3419 1194 3455 non
1214 3404 1305 3454 minus
1325 3403 1485 3471 frequenter

314 3494 388 3562 apud
416 3495 531 3561 populos
559 3494 678 3546 incultos
707 3510 790 3561 qnam
814 3493 844 3543 in
870 3496 964 3545 nostra
989 3493 1120 3544 societate
1145 3492 1278 3558 reperiri3
1304 3507 1375 3559 quae
1393 3492 1486 3543 omnia

314 3582 490 3634 animismum
511 3582 649 3649 peperisse
669 3583 757 3648 putat.

353 3672 372 3737 1)
391 3671 463 3723 Vide
482 3671 571 3735 Tiele,
592 3670 787 3722 Geschiedenis
808 3686 863 3722 van
882 3671 935 3722 den
955 3669 1119 3721 Godsdienst
1137 3670 1166 3720 in
1187 3669 1220 3737 de
1239 3659 1367 3720 Oudheid
1387 3668 1401 3719 I
1418 3684 1443 3735 p.
1455 3666 1484 3718 i:

317 3760 388 3826 ,Het
416 3758 569 3810 Animisme
598 3758 621 3809 is
641 3760 698 3811 niet
718 3760 776 3811 zelf
792 3775 841 3810 een
861 3758 1037 3826 godsdienst,
1057 3774 1133 3809 maer
1153 3772 1203 3809 een
1222 3760 1296 3808 soort
1315 3773 1369 3808 van
1388 3756 1485 3823 primi·

315 3848 388 3899 tieve
408 3847 608 3915 wijsbegeerte,
629 3847 673 3898 die
693 3848 751 3898 niet
770 3848 859 3898 alleen
880 3846 932 3897 den
947 3845 1121 3914 godsdienst‚
1132 3861 1208 3896 maer
1218 3845 1266 3895 het
1276 3845 1396 3912 gansohe
1406 3844 1485 3896 leven

286 3916 289 3923 ¹
316 3952 368 3987 van
389 3935 441 3986 den
460 3936 676 3987 natuurmensch
696 3935 887 3987 beheersoht.”
908 3935 1007 4002 Tylen,
1026 3934 1112 3985 Prim.
1133 3933 1206 3985 cult.
1228 3933 1319 3984 1426:
1332 3932 1486 3999 „Animism

315 4023 353 4088 is,
382 4023 412 4073 in
440 4023 509 4087 fact,
536 4024 583 4074 the
610 4023 797 4091 groundwork
815 4022 847 4074 of
865 4024 912 4074 the
931 4023 1102 4090 Philosophy
1122 4022 1153 4072 of
1169 4021 1313 4089 Religion,
1333 4021 1403 4072 from
1424 4021 1485 4071 that

316 4112 347 4162 of
363 4127 476 4178 savages
496 4127 533 4177 up
545 4114 572 4162 to
583 4112 644 4162 that
654 4112 685 4162 of
692 4111 819 4163 civilised
830 4111 921 4162 man.”
933 4110 1086 4177 Chuntepie
1096 4111 1130 4161 de
1140 4111 1168 4161 la
1178 4109 1326 4177 Saussoye‚
1338 4108 1486 4160 Lehrbuch

317 4201 364 4251 der
384 4198 687 4266 Religionsgeschichte
706 4199 734 4250 1²
743 4217 769 4266 p.
781 4201 828 4250 13:
841 4200 913 4265 ,Der
925 4199 1096 4250 Animismus
1105 4197 1187 4265 spielt
1197 4198 1227 4247 in
1238 4197 1311 4248 allen
1321 4196 1487 4264 Religionen

317 4288 378 4338 eine
397 4287 492 4351 Rolle,
512 4287 730 4339 vorherrschend
750 4287 861 4338 freilioh
881 4286 925 4337 bei
945 4286 997 4336 dan
1017 4285 1147 4344 niederen
1168 4284 1299 4337 Rassen.’‘

354 4375 373 4441 ⁹)
394 4375 547 4441 Chantepie
566 4376 592 4427 d.
612 4376 630 4427 l.
651 4374 691 4440 S„
711 4375 758 4427 l.l.
779 4375 792 4425 I
814 4377 861 4425 13:
880 4374 948 4440 ,Die
959 4373 1055 4424 Seelen
1065 4373 1176 4424 werden
1187 4372 1398 4436 Geister,nicht
1408 4373 1486 4423 mehr

318 4479 353 4516 an
373 4465 418 4515 die
437 4464 581 4515 einzelnen
600 4463 702 4515 Wesen
721 4462 894 4530 gebunden.”
