3442 5175
772 420 837 489 207

269 614 328 705 31)
352 616 400 684 In
423 616 697 685 Macedonia.

225 738 300 807 Α1.
324 739 549 809 Cassandriae
698 740 898 809 Aerolithus
920 740 1109 811 colebatur.
1336 743 1379 811 74

223 862 298 932 Α2.
321 863 361 931 In
387 864 519 935 Maced.
542 865 637 934 univ.
698 871 775 945 Ζεὺς
809 865 941 950 sedens,
977 870 1057 932 ante
1091 886 1171 934 eum
1206 865 1292 955 lapis

741 989 1323 1077 conoidicuS‚supraquemastrurn.
1336 988 1380 1058 14

326 1112 511 1202 Uranopoli
699 1113 826 1203 Ἀφροό.
853 1120 994 1203 οὐρανία
1012 1112 1143 1198 sedena,
1163 1115 1292 1183 ineius

742 1238 853 1326 capite
876 1243 937 1307 aut
958 1239 995 1306 in
1018 1259 1098 1306 area
1120 1239 1206 1328 lapis
1225 1260 1293 1329 py-

742 1363 928 1431 ramidalis.
1336 1362 1380 1431 36

227 1485 358 1559 0211]
385 1486 513 1554 Maced.
537 1488 631 1555 univ.
698 1493 776 1567 Ζεὺς
798 1488 930 1572 sedens;
954 1493 1034 1555 ante
1057 1508 1137 1556 eum
1160 1486 1284 1576 palma.
1319 1485 1381 1553 194

226 1609 299 1679 112.
324 1610 522 1701 Amphipoli
699 1619 844 1702 Ἄρτεμις
858 1619 1063 1702 Ταυροπόλος
1074 1618 1175 1680 tauro
1184 1617 1291 1680 vecta.
1314 1609 1380 1678 272

326 1734 367 1803 In
390 1735 519 1804 Maced.
543 1737 637 1804 univ.
766 1787 780 1819 „

590 1948 595 1960 υ
745 1860 830 1929 duas
851 1861 943 1930 faces
966 1867 1097 1930 tenens.

327 1983 510 2052 Potidaeae
699 1990 866 2057 Ποσειδῶν
888 2006 977 2075 equo
1000 1987 1161 2055 insidena

271 2312 329 2399 32)
351 2313 397 2381 In
419 2312 568 2380 Italia.

227 2438 300 2507 01.
324 2437 514 2526 Metaponti
702 2438 907 2517 ’Λπόλλωνος
929 2437 1047 2507 laurus
1069 2419 1230 2506 ahenea.
1316 2437 1382 2506 144

228 2561 301 2633 Dr.
325 2562 365 2631 In
389 2562 523 2631 Daunia
702 2562 811 2632 Canes
853 2564 944 2632 circa
979 2569 1121 2652 Ἀθηνᾶς
1157 2568 1295 2642 Ἰλιάδος

743 2688 864 2756 fanum
888 2688 1022 2756 nutriti.
1148 2676 1156 2693 '
1316 2685 1382 2754 242

316 2810 356 2879 In
367 2811 479 2880 insula
488 2810 683 2879 Diomedea.
704 2808 839 2880 Ardeae
873 2812 964 2880 eirca
998 2811 1171 2880 Diomedis
1204 2816 1294 2879 tem-

745 2935 851 3025 plum.
1317 2934 1384 3003 250

273 3235 332 3327 33)
356 3237 397 3305 In
421 3236 592 3305 Sicilia.

230 3362 300 3433 01.
325 3363 379 3432 Ad
403 3363 591 3452 Syracusas
667 3416 669 3423 .
697 3367 842 3450 Ἄρτεμις
865 3366 1037 3441 (bonellus.
1316 3361 1384 3430 156

265 3539 280 3573 ‚,
328 3488 507 3577 Syracusis
703 3487 874 3556 Ἀπόλλων
897 3492 1059 3575 docebar.
1317 3485 1384 3554 214

230 3612 299 3682 02.
413 3665 429 3697 ,,
703 3610 824 3680 Palma
846 3612 943 3679 vittis
966 3616 1099 3679 ornata.
1318 3609 1385 3678 175

328 3738 446 3806 Ennae
703 3736 795 3804 Deus
819 3735 864 3825 (1)
887 3740 968 3804 ante
987 3735 1144 3803 arborem
1164 3734 1295 3803 sedens.
1318 3734 1381 3803 191

230 3859 303 3929 111.
326 3859 458 3930 Adrani
703 3859 812 3928 Canes
835 3861 924 3928 sacri
946 3861 1037 3928 circa
1056 3860 1187 3928 Adrani
1206 3865 1295 3929 tern-

746 3984 844 4074 plum
868 3985 1002 4054 nutriti.
1318 3983 1382 4052 251

330 4110 462 4179 Aetnae
673 4184 675 4189 ,
703 4109 812 4179 Canes
823 4110 912 4178 sacri
924 4111 1014 4178 circa
1027 4114 1296 4199 ‘Hpatozootem-

746 4234 842 4324 plum
865 4235 998 4303 nutriti.
1319 4233 1382 4304 241

328 4358 368 4428 In
391 4364 508 4428 oronte
531 4358 650 4448 Eryce.
704 4359 890 4428 Columbae
913 4358 1004 4427 circa
1023 4364 1296 4450 donodtcngtern·
1365 4420 1367 4423 ,

746 4484 854 4573 plum,
951 4549 953 4553 ,
1244 4460 1255 4487 ⁰
1319 4481 1385 4551 243
