3442 5175
864 360 931 429 toa

360 557 520 624 Ficorum
545 558 722 625 veneratio
747 556 894 625 Athenis
917 559 1068 646 viguisse
1091 558 1247 638 videtur,
1271 579 1380 648 eoque
1391 559 1477 645 loco,

316 681 377 769 qui
401 687 488 771 Ἱερὰ
509 686 599 767 Σοιιη
622 680 828 766 vocabatur,
852 681 1107 771 antiquioribus
1129 682 1345 771 temporibus
1371 682 1476 751 ficum
1603 729 1607 737 -

316 806 451 874 stetisse
482 806 644 887 comicie,
676 826 765 895 quae
795 810 991 874 ceterarum
1016 805 1160 874 ficorum
1184 806 1385 875 adoratione
1407 808 1478 875 iam

317 931 376 1000 diu
400 930 582 1000 obliterata
605 931 825 1000 sanctitatem
849 930 1060 999 retinuisset.
1075 931 1111 1015 1).

360 1183 378 1270 ᾗ
405 1180 475 1249 tit.
501 1180 562 1271 [7].
586 1180 703 1249 Sarni
725 1183 838 1270 (Ἥρας
860 1181 981 1269 vitex).

361 1307 461 1374 Paus
488 1305 550 1374 VII
573 1304 613 1394 lt,
635 1306 666 1374 lt.
689 1312 811 1393 Σάμιοι
835 1311 869 1374 όέ
892 1315 982 1374 αὐτοί
1005 1314 1158 1393 τεχθῆναι
1180 1314 1369 1392 νομίζουσιν
1390 1316 1425 1374 ἐν
1444 1321 1480 1394 τῇ

317 1442 403 1519 νήσῳ
433 1443 488 1517 τήν
517 1440 597 1500 θεόν
627 1444 716 1520 παρὰ
745 1443 785 1518 τῷ
820 1437 982 1520 Ἰμβράσῳ
1012 1443 1144 1518 ποταμῷ
1170 1446 1224 1500 καί
1248 1442 1311 1500 ίιπό
1334 1447 1370 1521 τῇ
1391 1441 1479 1519 λόγῳ

318 1571 354 1645 τή
376 1565 473 1643 ἐντῷ
498 1563 622 1647 Ἡραίῳ
644 1565 769 1642 κατ’ἐμί
791 1565 835 1625 ἔτι
858 1567 1026 1646 πεφυκυίᾳ.

363 1683 463 1750 Paus.
496 1680 576 1748 VIII
606 1681 667 1763 23,
698 1680 731 1749 5.
761 1688 803 1749 Εί
834 1687 868 1749 dd
898 1688 1061 1767 Ἑλλήνων
1092 1695 1155 1762 τοῖς
1184 1690 1293 1768 λόγοις
1322 1690 1481 1767 ἑπόμενον

318 1814 628 1895 καταριθμήσασθαι
662 1812 709 1875 dei
741 1837 782 1893 με
816 1816 921 1875 ὁπόσα
952 1811 1066 1896 όόνόρα
1089 1820 1157 1875 σῶα
1179 1815 1223 1875 ἔτι
1245 1818 1300 1875 καί
1323 1814 1481 1893 τεθηλότα

319 1936 471 2012 λείπεται,
496 1938 711 2019 πρεσβύτατον
733 1942 793 2016 μὲν
818 1942 839 2017 ή
861 1939 959 2017 λόγος
977 1940 1060 1999 ἐστίν
1079 1940 1183 1999 αὐτῶν
1201 1941 1222 2016 ἡ
1239 1940 1274 1999 ἐν
1293 1942 1333 2016 τῷ
1344 1936 1481 2016 Σαμίων

320 2069 479 2143 πεφυκυῖα
503 2066 576 2144 ίερῷ
597 2062 705 2144 Ἥρας.

364 2180 413 2249 Cf.
450 2178 577 2247 Athen.
608 2178 671 2247 XV
704 2177 765 2262 123
789 2179 967 2247 Bdtticher
990 2199 1022 2268 p.
1047 2178 1108 2264 293
1132 2178 1210 2247 vide
1233 2178 1324 2247 infra
1348 2178 1422 2247 Lib.
1447 2176 1479 2245 ΙΙ

320 2303 436 2395 ξ’ίῧῖί.

364 2555 382 2645 g
405 2554 480 2623 145.
506 2553 571 2647 [8].
595 2555 838 2645 Gortynae,
861 2558 899 2624 in
922 2556 1008 2627 urbe
1032 2555 1154 2625 Cretae
1185 2559 1269 2642 (Διὸς
1291 2555 1480 2646 platanus).

365 2681 535 2771 Theophr.
568 2680 653 2748 Hist.
686 2680 797 2749 Plant.
825 2681 840 2748 Ι
864 2681 905 2765 9,
927 2681 958 2748 5.
987 2688 1042 2749 Ἐν
1064 2689 1172 2771 Κρήτη
1195 2687 1228 2749 δὲ
1251 2690 1375 2769 λέγεται
1397 2690 1480 2750 πλά-

320 2817 415 2876 τανόν
445 2835 515 2876 τινα
544 2816 627 2874 είναι
657 2814 693 2872 ἐν
720 2819 755 2893 τῇ
784 2811 965 2896 Γορτυναίᾳ
994 2818 1073 2897 πρὸς
1102 2821 1186 2895 πηγή
1215 2837 1275 2876 τινι
1297 2818 1318 2894 ἢ
1341 2817 1379 2876 οὐ
1400 2816 1481 2893 φυλ-

320 2940 463 3018 λοβολεῑ·
499 2938 723 3016 μυθολογοῦσι
759 2936 792 2997 όὲ
826 2941 868 3011 ὡς
897 2940 960 2999 υπὸ
990 2941 1084 3020 ταότη
1113 2940 1205 3019 ἐμίγη
1236 2945 1272 3020 τῇ
1300 2938 1481 3022 Εὐρώπηό

321 3063 407 3137 Ζεύς·
432 3068 486 3135 τὰς
509 3060 542 3122 dd
564 3061 704 3143 πλησίας
725 3064 831 3135 παίσας
854 3061 1083 3142 φνλλοβολεῖν.

366 3180 415 3249 Cf.
439 3179 526 3247 Ptin.
553 3179 593 3247 H.
618 3180 661 3247 N.
684 3178 749 3246 XII
773 3178 812 3261 5,
837 3180 937 3248 Varr.
962 3180 1001 3247 R.
1027 3179 1066 3246 R.
1090 3179 1105 3246 Ι
1130 3177 1183 3245 76.

365 3304 508 3374 Nummi
532 3304 692 3393 Gortynii
715 3305 894 3373 autonomi
917 3305 1092 3394 Europam
1112 3303 1276 3373 exhibent
1293 3304 1330 3371 in
1348 3303 1482 3372 arboris

322 3430 428 3498 ramis
451 3428 646 3511 sedentem3
671 3448 933 3518 nonnumquam
958 3429 1074 3518 aquila
1097 3430 1129 3497 ei
1148 3427 1293 3512 assidet3
1313 3428 1349 3495 in
1362 3449 1483 3497 aversa

195 3567 197 3573 ’
321 3560 420 3643 parte
443 3557 565 3621 taurus
578 3551 606 3641 2)
630 3553 850 3641 conspicitur.

365 3675 542 3746 431-300
565 3699 595 3745 a.
619 3678 698 3746 Chr.
722 3698 773 3745 n.:
799 3678 835 3745 Β.
861 3679 906 3746 Μ.
931 3678 1031 3747 Crete
1051 3679 1099 3746 IX
1122 3678 1251 3764 5-10,
1271 3679 1303 3745 X
1321 3677 1427 3763 i-8,
1448 3700 1481 3768 p.

322 3890 531 3900 ————

361 4023 381 4090 ¹)
399 4021 476 4074 Sicut
497 4020 630 4091 Δημήτηρ
650 4020 768 4073 Athenis
787 4020 869 4074 ficum
888 4020 1006 4088 primam
1025 4020 1164 4089 Phythalo
1184 4021 1291 4074 dedisse
1302 4021 1482 4088 narrabatur,

323 4112 364 4163 ita
382 4110 550 4182 Ἀρροόίτην
568 4104 653 4179 Cypri
670 4109 773 4162 malum
792 4109 938 4178 puniceam
957 4110 1075 4178 primam
1094 4110 1194 4164 sevisse
1211 4110 1495 4177 credebantfflthen..

323 4201 371 4254 ΙΙΙ
390 4203 444 4253 27.

360 4202 440 4356 bii}
460 4287 525 4355 Διός
543 4288 631 4340 forme
651 4288 762 4340 taurina
780 4288 815 4340 uf.
835 4287 1027 4354 Bruchmnnn,
1045 4288 1177 4356 Epitheta
1196 4289 1315 4342 Deorum
1335 4292 1400 4355 125,
1419 4292 1482 4343 130:

325 4378 468 4449 acquirens,
490 4379 673 4449 κερασφόρος,
690 4378 806 4448 κερόεις.
825 4376 908 4429 Multi
928 4377 1033 4430 nummi
1053 4377 1195 4432 Cretenses
1213 4381 1324 4432 taurum
1340 4378 1482 4447 exhibent,

324 4467 387 4521 vide
405 4466 484 4522 Head
503 4470 568 4534 σοι,
588 4470 653 4534 399,
671 4469 720 4520 401
742 4482 789 4535 sq„
807 4470 874 4534 ros,
892 4469 953 4520 τοι.
