<?xml version="1.0" encoding="UTF-8"?>
<!DOCTYPE html PUBLIC "-//W3C//DTD XHTML 1.0 Transitional//EN"
    "http://www.w3.org/TR/xhtml1/DTD/xhtml1-transitional.dtd">
<html xmlns="http://www.w3.org/1999/xhtml" xml:lang="en" lang="en">
 <head>
  <title>
</title>
<meta http-equiv="Content-Type" content="text/html;charset=utf-8" />
  <meta name='ocr-system' content='tesseract 3.04.00' />
  <meta name='ocr-capabilities' content='ocr_page ocr_carea ocr_par ocr_line ocrx_word'/>
</head>
<body>
  <div class='ocr_page' id='page_1' title='image "./degraecorumdiis00vissgoog_0022.png"; bbox 0 0 3442 5175; ppageno 0'>
   <div class='ocr_carea' id='block_1_1' title="bbox 907 435 929 501">
    <p class='ocr_par' dir='ltr' id='par_1_1' title="bbox 907 435 929 501">
     <span class='ocr_line' id='line_1_1' title="bbox 907 435 929 501; baseline 0 0"><span class='ocrx_word' id='word_1_1' title='bbox 907 435 929 501; x_wconf 76' lang='lat'><strong>2</strong></span> 
     </span>
    </p>
   </div>
   <div class='ocr_carea' id='block_1_2' title="bbox 328 626 1504 3690">
    <p class='ocr_par' dir='ltr' id='par_1_2' title="bbox 330 626 1504 2689">
     <span class='ocr_line' id='line_1_2' title="bbox 331 626 1501 721; baseline -0.005 -22"><span class='ocrx_word' id='word_1_2' title='bbox 331 631 446 721; x_wconf 89' lang='lat' dir='ltr'><strong>pologi</strong></span> <span class='ocrx_word' id='word_1_3' title='bbox 468 636 589 699; x_wconf 88' lang='lat' dir='ltr'><strong>contra</strong></span> <span class='ocrx_word' id='word_1_4' title='bbox 612 630 753 697; x_wconf 89' lang='lat' dir='ltr'><strong>omnino</strong></span> <span class='ocrx_word' id='word_1_5' title='bbox 778 650 848 696; x_wconf 92' lang='lat' dir='ltr'><strong>non</strong></span> <span class='ocrx_word' id='word_1_6' title='bbox 868 628 1066 717; x_wconf 85' lang='lat' dir='ltr'><strong>negligendi</strong></span> <span class='ocrx_word' id='word_1_7' title='bbox 1086 628 1249 713; x_wconf 86' lang='lat' dir='ltr'><strong>fuerunt,</strong></span> <span class='ocrx_word' id='word_1_8' title='bbox 1271 626 1366 695; x_wconf 89' lang='lat' dir='ltr'><strong>velut</strong></span> <span class='ocrx_word' id='word_1_9' title='bbox 1386 628 1501 715; x_wconf 84' lang='lat' dir='ltr'><strong>Tylor,</strong></span> 
     </span>
     <span class='ocr_line' id='line_1_3' title="bbox 332 750 1503 841; baseline -0.005 -18"><span class='ocrx_word' id='word_1_10' title='bbox 332 756 562 837; x_wconf 84' lang='lat' dir='ltr'><strong>Mannhardt‚</strong></span> <span class='ocrx_word' id='word_1_11' title='bbox 599 755 740 839; x_wconf 73' lang='lat' dir='ltr'><strong>Frater,</strong></span> <span class='ocrx_word' id='word_1_12' title='bbox 772 753 887 841; x_wconf 90' lang='lat' dir='ltr'><strong>Lang‚</strong></span> <span class='ocrx_word' id='word_1_13' title='bbox 917 752 994 837; x_wconf 88' lang='lat' dir='ltr'><strong>alii,</strong></span> <span class='ocrx_word' id='word_1_14' title='bbox 1019 753 1080 840; x_wconf 89' lang='lat' dir='ltr'><strong>qui</strong></span> <span class='ocrx_word' id='word_1_15' title='bbox 1103 752 1263 840; x_wconf 87' lang='lat' dir='ltr'><strong>gentium</strong></span> <span class='ocrx_word' id='word_1_16' title='bbox 1287 750 1503 819; x_wconf 85' lang='lat' dir='ltr'><strong>incultarum</strong></span> 
     </span>
     <span class='ocr_line' id='line_1_4' title="bbox 332 876 1502 966; baseline -0.006 -19"><span class='ocrx_word' id='word_1_17' title='bbox 332 880 579 948; x_wconf 74' lang='lat' dir='ltr'><strong>hodiernorum</strong></span> <span class='ocrx_word' id='word_1_18' title='bbox 607 877 870 966; x_wconf 83' lang='lat' dir='ltr'><strong>superstitiones</strong></span> <span class='ocrx_word' id='word_1_19' title='bbox 901 876 1146 944; x_wconf 85' lang='lat' dir='ltr'><strong>indicaverunt</strong></span> <span class='ocrx_word' id='word_1_20' title='bbox 1177 876 1220 942; x_wconf 92' lang='lat' dir='ltr'><strong>iis</strong></span> <span class='ocrx_word' id='word_1_21' title='bbox 1253 879 1502 962; x_wconf 81' lang='lat' dir='ltr'><strong>congruentes,</strong></span> 
     </span>
     <span class='ocr_line' id='line_1_5' title="bbox 332 1000 1503 1092; baseline -0.006 -21"><span class='ocrx_word' id='word_1_22' title='bbox 332 1024 419 1092; x_wconf 88' lang='lat' dir='ltr'><strong>quas</strong></span> <span class='ocrx_word' id='word_1_23' title='bbox 454 1003 546 1091; x_wconf 90' lang='lat' dir='ltr'><strong>apud</strong></span> <span class='ocrx_word' id='word_1_24' title='bbox 583 1002 733 1070; x_wconf 86' lang='lat' dir='ltr'><strong>Graecos</strong></span> <span class='ocrx_word' id='word_1_25' title='bbox 766 1021 906 1089; x_wconf 86' lang='lat' dir='ltr'><strong>quoque</strong></span> <span class='ocrx_word' id='word_1_26' title='bbox 936 1001 1067 1089; x_wconf 87' lang='lat' dir='ltr'><strong>priscos</strong></span> <span class='ocrx_word' id='word_1_27' title='bbox 1099 1000 1250 1089; x_wconf 89' lang='lat' dir='ltr'><strong>viguisse</strong></span> <span class='ocrx_word' id='word_1_28' title='bbox 1275 1002 1503 1066; x_wconf 87' lang='lat' dir='ltr'><strong>monumenta</strong></span> 
     </span>
     <span class='ocr_line' id='line_1_6' title="bbox 331 1123 1504 1214; baseline -0.003 -19"><span class='ocrx_word' id='word_1_29' title='bbox 331 1148 393 1195; x_wconf 90' lang='lat' dir='ltr'><strong>nos</strong></span> <span class='ocrx_word' id='word_1_30' title='bbox 428 1127 563 1194; x_wconf 86' lang='lat' dir='ltr'><strong>docent.</strong></span> <span class='ocrx_word' id='word_1_31' title='bbox 599 1128 677 1194; x_wconf 92' lang='lat' dir='ltr'><strong>Non</strong></span> <span class='ocrx_word' id='word_1_32' title='bbox 712 1126 822 1195; x_wconf 91' lang='lat' dir='ltr'><strong>solum</strong></span> <span class='ocrx_word' id='word_1_33' title='bbox 858 1127 967 1214; x_wconf 88' lang='lat' dir='ltr'><strong>igitur</strong></span> <span class='ocrx_word' id='word_1_34' title='bbox 1001 1147 1019 1192; x_wconf 93' lang='lat' dir='ltr'><strong>e</strong></span> <span class='ocrx_word' id='word_1_35' title='bbox 1050 1124 1204 1193; x_wconf 84' lang='lat' dir='ltr'><strong>fontibus</strong></span> <span class='ocrx_word' id='word_1_36' title='bbox 1235 1123 1504 1211; x_wconf 84' lang='lat' dir='ltr'><strong>archaeologicis</strong></span> 
     </span>
     <span class='ocr_line' id='line_1_7' title="bbox 331 1248 1503 1340; baseline -0.002 -23"><span class='ocrx_word' id='word_1_37' title='bbox 331 1251 433 1318; x_wconf 89' lang='lat' dir='ltr'><strong>hausi</strong></span> <span class='ocrx_word' id='word_1_38' title='bbox 456 1251 558 1317; x_wconf 90' lang='lat' dir='ltr'><strong>-in</strong></span> <span class='ocrx_word' id='word_1_39' title='bbox 581 1250 708 1337; x_wconf 89' lang='lat' dir='ltr'><strong>quibus</strong></span> <span class='ocrx_word' id='word_1_40' title='bbox 732 1249 875 1335; x_wconf 89' lang='lat' dir='ltr'><strong>studiis,</strong></span> <span class='ocrx_word' id='word_1_41' title='bbox 899 1250 989 1317; x_wconf 89' lang='lat' dir='ltr'><strong>sicut</strong></span> <span class='ocrx_word' id='word_1_42' title='bbox 1012 1250 1049 1315; x_wconf 91' lang='lat' dir='ltr'><strong>in</strong></span> <span class='ocrx_word' id='word_1_43' title='bbox 1073 1249 1194 1317; x_wconf 89' lang='lat' dir='ltr'><strong>mullis</strong></span> <span class='ocrx_word' id='word_1_44' title='bbox 1213 1248 1308 1329; x_wconf 88' lang='lat' dir='ltr'><strong>aliis,</strong></span> <span class='ocrx_word' id='word_1_45' title='bbox 1328 1249 1503 1340; x_wconf 88' lang='lat' dir='ltr'><strong>permulta</strong></span> 
     </span>
     <span class='ocr_line' id='line_1_8' title="bbox 331 1355 1502 1474; baseline -0.001 -34"><span class='ocrx_word' id='word_1_46' title='bbox 331 1375 439 1442; x_wconf 88' lang='lat' dir='ltr'><strong>debeo</strong></span> <span class='ocrx_word' id='word_1_47' title='bbox 474 1355 665 1463; x_wconf 83' lang='lat' dir='ltr'><strong>promotori</strong></span> <span class='ocrx_word' id='word_1_48' title='bbox 697 1394 774 1441; x_wconf 91' lang='lat' dir='ltr'><strong>meo</strong></span> <span class='ocrx_word' id='word_1_49' title='bbox 806 1373 1087 1442; x_wconf 88' lang='lat' dir='ltr'><strong>aestimatissimo</strong></span> <span class='ocrx_word' id='word_1_50' title='bbox 1111 1394 1142 1440; x_wconf 89' lang='lat' dir='ltr'><strong>v.</strong></span> <span class='ocrx_word' id='word_1_51' title='bbox 1167 1374 1209 1442; x_wconf 91' lang='lat' dir='ltr'><strong>cl.</strong></span> <span class='ocrx_word' id='word_1_52' title='bbox 1235 1375 1277 1443; x_wconf 80' lang='grc' dir='ltr'><strong>Α.</strong></span> <span class='ocrx_word' id='word_1_53' title='bbox 1301 1377 1339 1474; x_wconf 96' lang='grc' dir='ltr'><strong>Ε.</strong></span> <span class='ocrx_word' id='word_1_54' title='bbox 1363 1376 1393 1444; x_wconf 85' lang='lat' dir='ltr'><strong>J.</strong></span> <span class='ocrx_word' id='word_1_55' title='bbox 1418 1373 1502 1440; x_wconf 91' lang='lat' dir='ltr'><strong>Hol-</strong></span> 
     </span>
     <span class='ocr_line' id='line_1_9' title="bbox 331 1498 1502 1587; baseline -0.003 -20"><span class='ocrx_word' id='word_1_56' title='bbox 331 1500 465 1584; x_wconf 84' lang='lat' dir='ltr'><strong>werda,</strong></span> <span class='ocrx_word' id='word_1_57' title='bbox 497 1505 549 1580; x_wconf 90' lang='lat' dir='ltr'><strong>et,</strong></span> <span class='ocrx_word' id='word_1_58' title='bbox 582 1499 674 1587; x_wconf 91' lang='lat' dir='ltr'><strong>quod</strong></span> <span class='ocrx_word' id='word_1_59' title='bbox 706 1498 750 1564; x_wconf 92' lang='lat' dir='ltr'><strong>ad</strong></span> <span class='ocrx_word' id='word_1_60' title='bbox 775 1517 936 1566; x_wconf 85' lang='lat' dir='ltr'><strong>nummos</strong></span> <span class='ocrx_word' id='word_1_61' title='bbox 960 1498 1104 1581; x_wconf 82' lang='lat' dir='ltr'><strong>attinet,</strong></span> <span class='ocrx_word' id='word_1_62' title='bbox 1128 1499 1241 1566; x_wconf 89' lang='lat' dir='ltr'><strong>musei</strong></span> <span class='ocrx_word' id='word_1_63' title='bbox 1265 1498 1502 1567; x_wconf 89' lang='lat' dir='ltr'><strong>numismatici</strong></span> 
     </span>
     <span class='ocr_line' id='line_1_10' title="bbox 332 1621 1501 1712; baseline -0.001 -22"><span class='ocrx_word' id='word_1_64' title='bbox 332 1623 502 1711; x_wconf 89' lang='lat' dir='ltr'><strong>Hagensis</strong></span> <span class='ocrx_word' id='word_1_65' title='bbox 525 1623 653 1690; x_wconf 81' lang='lat' dir='ltr'><strong>rectori</strong></span> <span class='ocrx_word' id='word_1_66' title='bbox 677 1644 709 1689; x_wconf 86' lang='lat' dir='ltr'><strong>v.</strong></span> <span class='ocrx_word' id='word_1_67' title='bbox 731 1621 798 1688; x_wconf 83' lang='lat' dir='ltr'><strong>dot.</strong></span> <span class='ocrx_word' id='word_1_68' title='bbox 823 1621 864 1687; x_wconf 94' lang='lat' dir='ltr'><strong>H.</strong></span> <span class='ocrx_word' id='word_1_69' title='bbox 879 1621 908 1690; x_wconf 87' lang='lat' dir='ltr'><strong>J.</strong></span> <span class='ocrx_word' id='word_1_70' title='bbox 922 1621 971 1688; x_wconf 90' lang='lat' dir='ltr'><strong>De</strong></span> <span class='ocrx_word' id='word_1_71' title='bbox 985 1621 1188 1710; x_wconf 87' lang='lat' dir='ltr'><strong>Dompierre</strong></span> <span class='ocrx_word' id='word_1_72' title='bbox 1202 1623 1245 1690; x_wconf 88' lang='lat' dir='ltr'><strong>de</strong></span> <span class='ocrx_word' id='word_1_73' title='bbox 1257 1622 1446 1712; x_wconf 81' lang='lat' dir='ltr'><strong>Chausepie</strong></span> <span class='ocrx_word' id='word_1_74' title='bbox 1461 1660 1501 1671; x_wconf 92' lang='lat'>-</span> 
     </span>
     <span class='ocr_line' id='line_1_11' title="bbox 331 1726 1502 1834; baseline 0 -20"><span class='ocrx_word' id='word_1_75' title='bbox 331 1748 391 1815; x_wconf 93' lang='lat' dir='ltr'><strong>sed</strong></span> <span class='ocrx_word' id='word_1_76' title='bbox 415 1747 520 1814; x_wconf 86' lang='lat' dir='ltr'><strong>etiam</strong></span> <span class='ocrx_word' id='word_1_77' title='bbox 544 1747 682 1834; x_wconf 87' lang='lat' dir='ltr'><strong>saepius</strong></span> <span class='ocrx_word' id='word_1_78' title='bbox 705 1766 868 1814; x_wconf 90' lang='lat' dir='ltr'><strong>museum</strong></span> <span class='ocrx_word' id='word_1_79' title='bbox 891 1745 1206 1833; x_wconf 86' lang='lat' dir='ltr'><strong>ethnographicum</strong></span> <span class='ocrx_word' id='word_1_80' title='bbox 1229 1748 1398 1816; x_wconf 90' lang='lat' dir='ltr'><strong>Leidense</strong></span> <span class='ocrx_word' id='word_1_81' title='bbox 1419 1726 1502 1830; x_wconf 89' lang='lat' dir='ltr'><strong>visi,</strong></span> 
     </span>
     <span class='ocr_line' id='line_1_12' title="bbox 330 1869 1501 1956; baseline 0.002 -20"><span class='ocrx_word' id='word_1_82' title='bbox 330 1870 430 1937; x_wconf 90' lang='lat' dir='ltr'><strong>cuius</strong></span> <span class='ocrx_word' id='word_1_83' title='bbox 453 1870 635 1938; x_wconf 82' lang='lat' dir='ltr'><strong>thesauros</strong></span> <span class='ocrx_word' id='word_1_84' title='bbox 659 1869 847 1936; x_wconf 85' lang='lat' dir='ltr'><strong>admodum</strong></span> <span class='ocrx_word' id='word_1_85' title='bbox 872 1888 970 1936; x_wconf 87' lang='lat' dir='ltr'><strong>raros</strong></span> <span class='ocrx_word' id='word_1_86' title='bbox 994 1874 1099 1956; x_wconf 86' lang='lat' dir='ltr'><strong>atque</strong></span> <span class='ocrx_word' id='word_1_87' title='bbox 1120 1869 1227 1937; x_wconf 90' lang='lat' dir='ltr'><strong>libros</strong></span> <span class='ocrx_word' id='word_1_88' title='bbox 1247 1871 1291 1938; x_wconf 85' lang='lat' dir='ltr'><strong>ad</strong></span> <span class='ocrx_word' id='word_1_89' title='bbox 1315 1872 1406 1938; x_wconf 83' lang='lat' dir='ltr'><strong>hanc</strong></span> <span class='ocrx_word' id='word_1_90' title='bbox 1427 1891 1501 1938; x_wconf 87' lang='lat' dir='ltr'><strong>rem</strong></span> 
     </span>
     <span class='ocr_line' id='line_1_13' title="bbox 330 1992 1502 2082; baseline 0.001 -22"><span class='ocrx_word' id='word_1_91' title='bbox 330 1994 544 2082; x_wconf 84' lang='lat' dir='ltr'><strong>pertinentes</strong></span> <span class='ocrx_word' id='word_1_92' title='bbox 587 2013 715 2081; x_wconf 87' lang='lat' dir='ltr'><strong>magna</strong></span> <span class='ocrx_word' id='word_1_93' title='bbox 757 2012 838 2061; x_wconf 89' lang='lat' dir='ltr'><strong>cum</strong></span> <span class='ocrx_word' id='word_1_94' title='bbox 872 1992 1089 2080; x_wconf 82' lang='lat' dir='ltr'><strong>benignitate</strong></span> <span class='ocrx_word' id='word_1_95' title='bbox 1125 1993 1212 2059; x_wconf 93' lang='lat' dir='ltr'><strong>mihi</strong></span> <span class='ocrx_word' id='word_1_96' title='bbox 1245 1994 1414 2061; x_wconf 85' lang='lat' dir='ltr'><strong>indicavit</strong></span> <span class='ocrx_word' id='word_1_97' title='bbox 1450 1995 1502 2061; x_wconf 90' lang='lat' dir='ltr'><strong>vir</strong></span> 
     </span>
     <span class='ocr_line' id='line_1_14' title="bbox 330 2116 1502 2207; baseline -0.002 -22"><span class='ocrx_word' id='word_1_98' title='bbox 330 2117 668 2207; x_wconf 76' lang='lat' dir='ltr'><strong>praestantissimae,</strong></span> <span class='ocrx_word' id='word_1_99' title='bbox 689 2116 750 2203; x_wconf 88' lang='lat' dir='ltr'><strong>qui</strong></span> <span class='ocrx_word' id='word_1_100' title='bbox 773 2116 855 2183; x_wconf 86' lang='lat' dir='ltr'><strong>huic</strong></span> <span class='ocrx_word' id='word_1_101' title='bbox 880 2136 1000 2183; x_wconf 90' lang='lat' dir='ltr'><strong>museo</strong></span> <span class='ocrx_word' id='word_1_102' title='bbox 1024 2122 1172 2204; x_wconf 85' lang='lat' dir='ltr'><strong>praeest,</strong></span> <span class='ocrx_word' id='word_1_103' title='bbox 1196 2138 1227 2186; x_wconf 85' lang='lat' dir='ltr'><strong>v.</strong></span> <span class='ocrx_word' id='word_1_104' title='bbox 1252 2117 1320 2185; x_wconf 89' lang='lat' dir='ltr'><strong>dct.</strong></span> <span class='ocrx_word' id='word_1_105' title='bbox 1345 2118 1374 2186; x_wconf 84' lang='lat' dir='ltr'><strong>J.</strong></span> <span class='ocrx_word' id='word_1_106' title='bbox 1398 2118 1438 2185; x_wconf 89' lang='lat' dir='ltr'><strong>D.</strong></span> <span class='ocrx_word' id='word_1_107' title='bbox 1463 2117 1502 2183; x_wconf 91' lang='grc' dir='ltr'><strong>Ε.</strong></span> 
     </span>
     <span class='ocr_line' id='line_1_15' title="bbox 330 2239 1502 2328; baseline -0.002 -18"><span class='ocrx_word' id='word_1_108' title='bbox 330 2241 512 2310; x_wconf 79' lang='lat' dir='ltr'><strong>Schmeltn</strong></span> <span class='ocrx_word' id='word_1_109' title='bbox 550 2241 627 2309; x_wconf 93' lang='lat' dir='ltr'><strong>Non</strong></span> <span class='ocrx_word' id='word_1_110' title='bbox 665 2240 781 2308; x_wconf 91' lang='lat' dir='ltr'><strong>minus</strong></span> <span class='ocrx_word' id='word_1_111' title='bbox 812 2239 901 2306; x_wconf 90' lang='lat' dir='ltr'><strong>bene</strong></span> <span class='ocrx_word' id='word_1_112' title='bbox 937 2239 979 2306; x_wconf 87' lang='lat' dir='ltr'><strong>de</strong></span> <span class='ocrx_word' id='word_1_113' title='bbox 1014 2260 1069 2307; x_wconf 91' lang='lat' dir='ltr'><strong>me</strong></span> <span class='ocrx_word' id='word_1_114' title='bbox 1106 2241 1221 2308; x_wconf 89' lang='lat' dir='ltr'><strong>meriti</strong></span> <span class='ocrx_word' id='word_1_115' title='bbox 1253 2246 1335 2309; x_wconf 89' lang='lat' dir='ltr'><strong>sunt</strong></span> <span class='ocrx_word' id='word_1_116' title='bbox 1365 2242 1409 2324; x_wconf 91' lang='lat' dir='ltr'><strong>ii,</strong></span> <span class='ocrx_word' id='word_1_117' title='bbox 1441 2242 1502 2328; x_wconf 87' lang='lat' dir='ltr'><strong>qui</strong></span> 
     </span>
     <span class='ocr_line' id='line_1_16' title="bbox 330 2363 1502 2452; baseline -0.002 -19"><span class='ocrx_word' id='word_1_118' title='bbox 330 2367 417 2433; x_wconf 89' lang='lat' dir='ltr'><strong>mihi</strong></span> <span class='ocrx_word' id='word_1_119' title='bbox 437 2367 528 2433; x_wconf 89' lang='lat' dir='ltr'><strong>viam</strong></span> <span class='ocrx_word' id='word_1_120' title='bbox 551 2368 791 2432; x_wconf 88' lang='lat' dir='ltr'><strong>monstrarunt</strong></span> <span class='ocrx_word' id='word_1_121' title='bbox 812 2364 849 2429; x_wconf 90' lang='lat' dir='ltr'><strong>in</strong></span> <span class='ocrx_word' id='word_1_122' title='bbox 870 2363 1133 2449; x_wconf 86' lang='lat' dir='ltr'><strong>quaestionibus</strong></span> <span class='ocrx_word' id='word_1_123' title='bbox 1147 2364 1502 2452; x_wconf 86' lang='lat' dir='ltr'><strong>historico-religiosis</strong></span> 
     </span>
     <span class='ocr_line' id='line_1_17' title="bbox 330 2485 1500 2578; baseline -0.004 -21"><span class='ocrx_word' id='word_1_124' title='bbox 330 2496 435 2578; x_wconf 89' lang='lat' dir='ltr'><strong>atque</strong></span> <span class='ocrx_word' id='word_1_125' title='bbox 458 2487 721 2577; x_wconf 86' lang='lat' dir='ltr'><strong>philosophicis:</strong></span> <span class='ocrx_word' id='word_1_126' title='bbox 745 2507 778 2553; x_wconf 86' lang='lat' dir='ltr'><strong>v.</strong></span> <span class='ocrx_word' id='word_1_127' title='bbox 803 2485 844 2553; x_wconf 89' lang='lat' dir='ltr'><strong>cl.</strong></span> <span class='ocrx_word' id='word_1_128' title='bbox 869 2485 904 2554; x_wconf 84' lang='lat' dir='ltr'><strong>C.</strong></span> <span class='ocrx_word' id='word_1_129' title='bbox 932 2487 969 2554; x_wconf 89' lang='lat' dir='ltr'><strong>P.</strong></span> <span class='ocrx_word' id='word_1_130' title='bbox 993 2486 1105 2572; x_wconf 80' lang='lat' dir='ltr'><strong>liele,</strong></span> <span class='ocrx_word' id='word_1_131' title='bbox 1129 2509 1162 2553; x_wconf 83' lang='lat' dir='ltr'><strong>v.</strong></span> <span class='ocrx_word' id='word_1_132' title='bbox 1188 2487 1256 2555; x_wconf 88' lang='lat' dir='ltr'><strong>dct.</strong></span> <span class='ocrx_word' id='word_1_133' title='bbox 1282 2487 1340 2556; x_wconf 87' lang='lat' dir='ltr'><strong>W.</strong></span> <span class='ocrx_word' id='word_1_134' title='bbox 1359 2486 1500 2567; x_wconf 82' lang='lat' dir='ltr'><strong>Caland,</strong></span> 
     </span>
     <span class='ocr_line' id='line_1_18' title="bbox 330 2612 645 2689; baseline -0.013 -7"><span class='ocrx_word' id='word_1_135' title='bbox 330 2637 362 2689; x_wconf 80' lang='lat' dir='ltr'><strong>v,</strong></span> <span class='ocrx_word' id='word_1_136' title='bbox 386 2614 454 2681; x_wconf 86' lang='lat' dir='ltr'><strong>dct.</strong></span> <span class='ocrx_word' id='word_1_137' title='bbox 480 2612 522 2681; x_wconf 88' lang='lat' dir='ltr'><strong>H.</strong></span> <span class='ocrx_word' id='word_1_138' title='bbox 550 2612 645 2679; x_wconf 88' lang='lat' dir='ltr'><strong>Was.</strong></span> 
     </span>
    </p>

    <p class='ocr_par' dir='ltr' id='par_1_3' title="bbox 328 2735 1501 3690">
     <span class='ocr_line' id='line_1_19' title="bbox 375 2735 1501 2825; baseline -0.001 -20"><span class='ocrx_word' id='word_1_139' title='bbox 375 2737 510 2805; x_wconf 88' lang='lat' dir='ltr'><strong>Natura</strong></span> <span class='ocrx_word' id='word_1_140' title='bbox 540 2736 716 2825; x_wconf 77' lang='lat' dir='ltr'><strong>religionis</strong></span> <span class='ocrx_word' id='word_1_141' title='bbox 747 2735 958 2803; x_wconf 86' lang='lat' dir='ltr'><strong>Graecorum</strong></span> <span class='ocrx_word' id='word_1_142' title='bbox 990 2736 1279 2823; x_wconf 88' lang='lat' dir='ltr'><strong>prae-historicae</strong></span> <span class='ocrx_word' id='word_1_143' title='bbox 1302 2741 1343 2804; x_wconf 88' lang='lat' dir='ltr'><strong>nt</strong></span> <span class='ocrx_word' id='word_1_144' title='bbox 1366 2737 1501 2825; x_wconf 88' lang='lat' dir='ltr'><strong>plenius</strong></span> 
     </span>
     <span class='ocr_line' id='line_1_20' title="bbox 328 2858 1501 2950; baseline 0 -22"><span class='ocrx_word' id='word_1_145' title='bbox 328 2860 545 2950; x_wconf 85' lang='lat' dir='ltr'><strong>intelligatur</strong></span> <span class='ocrx_word' id='word_1_146' title='bbox 573 2880 684 2948; x_wconf 89' lang='lat' dir='ltr'><strong>pauca</strong></span> <span class='ocrx_word' id='word_1_147' title='bbox 716 2859 801 2926; x_wconf 92' lang='lat' dir='ltr'><strong>mibi</strong></span> <span class='ocrx_word' id='word_1_148' title='bbox 833 2859 1057 2947; x_wconf 88' lang='lat' dir='ltr'><strong>praemittere</strong></span> <span class='ocrx_word' id='word_1_149' title='bbox 1081 2858 1184 2929; x_wconf 87' lang='lat' dir='ltr'><strong>liceat</strong></span> <span class='ocrx_word' id='word_1_150' title='bbox 1206 2861 1249 2927; x_wconf 91' lang='lat' dir='ltr'><strong>de</strong></span> <span class='ocrx_word' id='word_1_151' title='bbox 1273 2862 1501 2949; x_wconf 79' lang='lat' dir='ltr'><strong>rationeque</strong></span> 
     </span>
     <span class='ocr_line' id='line_1_21' title="bbox 329 2982 1501 3073; baseline 0.001 -22"><span class='ocrx_word' id='word_1_152' title='bbox 329 2985 422 3073; x_wconf 89' lang='lat' dir='ltr'><strong>apud</strong></span> <span class='ocrx_word' id='word_1_153' title='bbox 453 2984 538 3051; x_wconf 88' lang='lat' dir='ltr'><strong>alios</strong></span> <span class='ocrx_word' id='word_1_154' title='bbox 568 2985 673 3052; x_wconf 86' lang='lat' dir='ltr'><strong>etiam</strong></span> <span class='ocrx_word' id='word_1_155' title='bbox 704 2982 848 3072; x_wconf 89' lang='lat' dir='ltr'><strong>populos</strong></span> <span class='ocrx_word' id='word_1_156' title='bbox 879 2984 1041 3071; x_wconf 88' lang='lat' dir='ltr'><strong>antiquos</strong></span> <span class='ocrx_word' id='word_1_157' title='bbox 1064 2988 1099 3050; x_wconf 90' lang='lat' dir='ltr'><strong>et</strong></span> <span class='ocrx_word' id='word_1_158' title='bbox 1121 2984 1307 3052; x_wconf 89' lang='lat' dir='ltr'><strong>hodiernos</strong></span> <span class='ocrx_word' id='word_1_159' title='bbox 1330 2985 1501 3052; x_wconf 87' lang='lat' dir='ltr'><strong>eiusmodi</strong></span> 
     </span>
     <span class='ocr_line' id='line_1_22' title="bbox 329 3106 1500 3195; baseline -0.001 -20"><span class='ocrx_word' id='word_1_160' title='bbox 329 3107 593 3195; x_wconf 89' lang='lat' dir='ltr'><strong>superstitiones</strong></span> <span class='ocrx_word' id='word_1_161' title='bbox 626 3106 816 3194; x_wconf 87' lang='lat' dir='ltr'><strong>viguerunt</strong></span> <span class='ocrx_word' id='word_1_162' title='bbox 845 3111 950 3194; x_wconf 88' lang='lat' dir='ltr'><strong>atque</strong></span> <span class='ocrx_word' id='word_1_163' title='bbox 981 3107 1095 3174; x_wconf 88' lang='lat' dir='ltr'><strong>adhuc</strong></span> <span class='ocrx_word' id='word_1_164' title='bbox 1126 3108 1255 3195; x_wconf 87' lang='lat' dir='ltr'><strong>vigent.</strong></span> <span class='ocrx_word' id='word_1_165' title='bbox 1281 3107 1373 3174; x_wconf 92' lang='lat' dir='ltr'><strong>Haec</strong></span> <span class='ocrx_word' id='word_1_166' title='bbox 1397 3127 1500 3195; x_wconf 74' lang='lat' dir='ltr'><strong>prae7</strong></span> 
     </span>
     <span class='ocr_line' id='line_1_23' title="bbox 328 3230 1500 3318; baseline 0 -22"><span class='ocrx_word' id='word_1_167' title='bbox 328 3232 418 3297; x_wconf 87' lang='lat' dir='ltr'><strong>fatus</strong></span> <span class='ocrx_word' id='word_1_168' title='bbox 442 3230 485 3297; x_wconf 91' lang='lat' dir='ltr'><strong>de</strong></span> <span class='ocrx_word' id='word_1_169' title='bbox 508 3231 744 3297; x_wconf 89' lang='lat' dir='ltr'><strong>monumentis</strong></span> <span class='ocrx_word' id='word_1_170' title='bbox 767 3230 943 3318; x_wconf 89' lang='lat' dir='ltr'><strong>religionis</strong></span> <span class='ocrx_word' id='word_1_171' title='bbox 966 3250 1055 3317; x_wconf 85' lang='lat' dir='ltr'><strong>quae</strong></span> <span class='ocrx_word' id='word_1_172' title='bbox 1079 3249 1150 3297; x_wconf 90' lang='lat' dir='ltr'><strong>non</strong></span> <span class='ocrx_word' id='word_1_173' title='bbox 1173 3235 1225 3297; x_wconf 94' lang='lat' dir='ltr'><strong>est</strong></span> <span class='ocrx_word' id='word_1_174' title='bbox 1249 3230 1500 3318; x_wconf 89' lang='lat' dir='ltr'><strong>anthopomor·</strong></span> 
     </span>
     <span class='ocr_line' id='line_1_24' title="bbox 328 3353 1499 3442; baseline 0.001 -22"><span class='ocrx_word' id='word_1_175' title='bbox 328 3354 431 3442; x_wconf 84' lang='lat' dir='ltr'><strong>plrica</strong></span> <span class='ocrx_word' id='word_1_176' title='bbox 462 3353 554 3441; x_wconf 84' lang='lat' dir='ltr'><strong>apud</strong></span> <span class='ocrx_word' id='word_1_177' title='bbox 579 3353 728 3421; x_wconf 83' lang='lat' dir='ltr'><strong>Graecos</strong></span> <span class='ocrx_word' id='word_1_178' title='bbox 752 3374 873 3441; x_wconf 80' lang='lat' dir='ltr'><strong>agam3</strong></span> <span class='ocrx_word' id='word_1_179' title='bbox 898 3353 1047 3441; x_wconf 86' lang='lat' dir='ltr'><strong>denique</strong></span> <span class='ocrx_word' id='word_1_180' title='bbox 1071 3353 1211 3422; x_wconf 89' lang='lat' dir='ltr'><strong>deeius</strong></span> <span class='ocrx_word' id='word_1_181' title='bbox 1235 3354 1368 3442; x_wconf 89' lang='lat' dir='ltr'><strong>origine</strong></span> <span class='ocrx_word' id='word_1_182' title='bbox 1394 3359 1499 3442; x_wconf 89' lang='lat' dir='ltr'><strong>atque</strong></span> 
     </span>
     <span class='ocr_line' id='line_1_25' title="bbox 328 3475 1499 3566; baseline 0.003 -25"><span class='ocrx_word' id='word_1_183' title='bbox 328 3475 442 3542; x_wconf 91' lang='lat' dir='ltr'><strong>indole</strong></span> <span class='ocrx_word' id='word_1_184' title='bbox 466 3476 668 3564; x_wconf 86' lang='lat' dir='ltr'><strong>disputabo,</strong></span> <span class='ocrx_word' id='word_1_185' title='bbox 689 3482 724 3544; x_wconf 93' lang='lat' dir='ltr'><strong>et</strong></span> <span class='ocrx_word' id='word_1_186' title='bbox 744 3477 916 3564; x_wconf 91' lang='lat' dir='ltr'><strong>quomodo</strong></span> <span class='ocrx_word' id='word_1_187' title='bbox 929 3477 1098 3565; x_wconf 89' lang='lat' dir='ltr'><strong>paulatim</strong></span> <span class='ocrx_word' id='word_1_188' title='bbox 1111 3478 1499 3566; x_wconf 88' lang='lat' dir='ltr'><strong>anthropomorphismo</strong></span> 
     </span>
     <span class='ocr_line' id='line_1_26' title="bbox 328 3601 681 3690; baseline 0.006 -23"><span class='ocrx_word' id='word_1_189' title='bbox 328 3601 470 3668; x_wconf 89' lang='lat' dir='ltr'><strong>cesserit</strong></span> <span class='ocrx_word' id='word_1_190' title='bbox 493 3601 681 3690; x_wconf 89' lang='lat' dir='ltr'><strong>explicabo.</strong></span> 
     </span>
    </p>
   </div>
   <div class='ocr_carea' id='block_1_3' title="bbox 0 0 1726 5175">
    <p class='ocr_par' dir='ltr' id='par_1_4' title="bbox 0 0 1726 5175">
     <span class='ocr_line' id='line_1_27' title="bbox 0 0 1726 5175; baseline 0 1"><span class='ocrx_word' id='word_1_191' title='bbox 0 0 1726 5175; x_wconf 95' lang='lat' dir='ltr'><strong> </strong></span> 
     </span>
    </p>
   </div>
  </div>
 </body>
</html>
