3442 5175
853 390 919 460 276

833 720 940 790 XVII.

346 969 375 1036 Ε
398 970 504 1039 variis
526 970 653 1055 modis,
677 971 805 1061 quibus
826 971 865 1038 in
885 970 1033 1040 vasculis
1055 971 1182 1040 Atticis
1200 993 1354 1061 pugnam
1373 974 1472 1041 inter

302 1100 468 1186 ‘Hecatae
502 1101 537 1163 et
571 1096 705 1164 leonem
740 1117 937 1185 expressam
970 1098 1219 1186 conspicimus,
1243 1098 1273 1166 is
1295 1103 1348 1166 est
1371 1099 1471 1166 anti-

301 1220 507 1307 quissimuS,
534 1220 604 1307 *qui
638 1219 740 1287 ambo
775 1225 907 1289 stantes
937 1221 1094 1307 exhibet,
1128 1229 1288 1311 Ἡρακλέα
1310 1222 1472 1312 gladium

301 1348 489 1428 tenentem,
508 1342 642 1411 leonem
659 1344 820 1413 cruribus
832 1345 1080 1435 posterioribus
1091 1345 1308 1414 insistentem
1319 1369 1327 1430 3
1340 1345 1471 1415 deinde

300 1467 436 1558 gladius
470 1468 641 1557 disparuit
665 1475 700 1537 et
723 1471 864 1539 schema
886 1476 1041 1540 erectum
1065 1492 1086 1539 a
1108 1471 1290 1560 palaestris
1313 1476 1470 1542 mutuati

300 1598 383 1662 sunt
417 1593 583 1676 artifices,
618 1593 767 1684 denique
802 1594 905 1664 ambo
939 1597 1040 1686 proni
1074 1597 1173 1687 humi
1206 1598 1340 1683 iacent,
1370 1598 1470 1668 aliud

301 1717 440 1787 schema
464 1718 708 1807 palaestricum
732 1725 927 1809 sequentes.

817 2031 943 2109 XVllI.

344 2288 510 2367 Quamvis
532 2290 569 2356 in
593 2290 720 2379 pugnis
743 2290 924 2379 mythiciS,
949 2291 986 2358 in
1009 2273 1157 2361 vasculis
1177 2293 1302 2362 Atticis
1322 2316 1468 2384 expres-

300 2413 363 2498 sis,
394 2414 594 2502 saepissime
624 2415 800 2484 schemata
830 2415 1035 2503 palaestrica
1065 2437 1251 2505 agnoscere
1280 2418 1399 2503 liceat,
1425 2442 1469 2489 eo
1588 2442 1591 2448 ·

299 2538 474 2608 schemate
504 2539 747 2621 usitatissimo,
773 2540 865 2630 quod
889 2552 976 2632 κριός
999 2548 1125 2611 vocant
1145 2542 1245 2632 (quia
1268 2550 1469 2633 pugnantes

299 2664 470 2752 capitibus
493 2666 611 2755 pronis
630 2671 812 2756 tamquam
834 2667 960 2735 arietes
981 2668 1123 2736 trudere
1135 2667 1262 2757 solent)
1275 2669 1467 2738 admodum

299 2808 378 2855 raro
401 2788 496 2877 (vide
521 2789 702 2858 vasculum
725 2791 835 2878 nigris
859 2790 980 2879 figuris
1004 2796 1166 2861 ornatum
1191 2793 1285 2862 Pelei
1316 2799 1351 2862 et
1374 2794 1467 2862 Ata-

298 2913 409 2981 lantes
432 2935 586 3002 pugnam
607 2915 791 3001 exhibens,
812 2915 970 2983 Gerhard
992 2916 1032 2984 A.
1054 2917 1093 2985 V.
1115 2918 1162 2987 Ill
1181 2917 1261 3004 177)
1280 2921 1317 2987 iu
1336 2921 1469 3008 pugnis

298 3040 462 3128 mythicis
484 3040 711 3129 depingendis
734 3041 788 3108 usi
811 3046 894 3109 sunt
917 3041 1075 3130 pictores,

832 3298 925 3410 xix.

343 3592 476 3661 Krause
511 3591 734 3682 (Gymnastik
759 3593 829 3661 und
854 3593 1039 3683 Agonistik
1062 3594 1124 3661 der
1148 3594 1316 3663 Hellenen
1340 3595 1355 3663 I
1378 3596 1465 3684 417,

297 3715 353 3805 fig.
376 3715 437 3806 39)
458 3723 568 3802 errat,
587 3738 707 3785 vocem
728 3728 916 3807 ἀνατρέπειν
936 3719 980 3785 ad
999 3719 1034 3786 id
1054 3720 1193 3787 schema
1213 3721 1465 3809 palaestricum

297 3843 471 3930 pertinere
512 3842 733 3927 existimans,
776 3864 844 3931 quo
891 3844 978 3911 alter
1011 3844 1155 3913 alterius
1189 3837 1275 3914 crus
1297 3846 1465 3918 sublevat

297 3965 403 4055 (quod
438 3978 479 4052 νῷ
503 3974 726 4049 ὑποσκελίζειν
749 3971 936 4055 cognatum
960 3967 1132 4057 videtur),
1156 3980 1344 4061 ἀνατρέπειν
1366 3973 1462 4041 enim

297 4096 348 4158 est
383 4091 574 4159 adversarii
605 4096 720 4159 totum
751 4111 876 4180 corpus
907 4091 1088 4161 sublevare
1111 4098 1218 4183 atque
1241 4097 1291 4163 ita
1314 4097 1463 4166 subver-

296 4221 388 4300 tere,
422 4220 462 4284 nt
496 4220 601 4304 caput
630 4215 779 4284 humum
809 4237 919 4304 paene
951 4218 1102 4307 attingat
1124 4239 1297 4310 cruraque
1320 4243 1464 4293 sursum

296 4339 487 4429 pendeant,
524 4340 616 4429 quod
650 4341 687 4407 in
722 4340 867 4428 picturis
896 4342 1072 4411 nonnullis
1103 4343 1228 4414 Atticis
1258 4367 1462 4436 expressum

297 4464 455 4534 videmus
477 4465 627 4555 (Kranse
651 4464 707 4555 lig.
731 4463 798 4534 aab
820 4465 867 4553 l).
