3442 5175
875 393 942 469 270

320 599 467 682 vagatae
486 595 572 682 sint,
594 597 835 665 venerationes
854 617 994 685 quoque
1007 601 1142 665 veteres
1155 599 1314 665 nonnihil
1326 599 1503 668 revixisse

320 718 508 787 verisimile
550 728 611 788 est.
653 720 777 788 Graeci
811 721 954 809 quidem
989 721 1137 799 eruditi,
1172 722 1296 810 quavis
1326 722 1502 811 religione

321 843 473 929 abiecta,
505 845 691 912 simulacra
714 844 757 912 ob
780 845 1078 933 pulchritudinem
1102 853 1242 914 tantum
1268 846 1500 916 admiraban-

320 973 398 1054 tur,
422 967 519 1057 plebs
542 974 663 1036 eontra
688 968 803 1054 rudis,
827 970 1069 1058 superstitiosa
1093 990 1232 1059 semper
1256 976 1362 1059 atque
1387 992 1501 1038 vene-

320 1092 423 1159 randi
457 1092 601 1181 cupida,
632 1092 698 1159 diis
722 1093 858 1181 magnis
877 1093 914 1160 in
938 1093 1174 1161 humilitatem
1198 1094 1358 1182 delapsis,
1383 1097 1500 1184 magis

321 1217 502 1305 magisque
544 1216 588 1283 ad
623 1221 758 1284 veteres
792 1215 947 1305 lapidum
983 1217 1143 1305 stipitum
1179 1218 1344 1286 arborum
1378 1219 1500 1287 cultus

321 1341 464 1409 rediisse
498 1340 655 1424 videtur3
679 1359 767 1427 quos
790 1360 874 1407 sane
899 1361 1093 1429 numquam
1117 1361 1260 1429 prorsus
1283 1342 1498 1430 reliquerat,

321 1466 519 1555 quibusque
543 1465 702 1533 homines
719 1469 819 1531 tanta
839 1465 873 1531 vi
894 1464 1148 1548 vinciebantur,
1161 1470 1201 1533 ut
1213 1466 1499 1534 Christianorum

321 1591 465 1661 ecelesia
499 1612 561 1680 per
598 1590 707 1657 multa
737 1589 876 1658 saecula
898 1609 956 1656 eos
980 1590 1172 1678 exstirpare
1195 1590 1324 1658 frustra
1348 1611 1499 1658 conare-

321 1717 441 1802 tur1);
477 1735 591 1804 neque
626 1714 773 1798 mirum,
810 1734 893 1780 nam
929 1734 1040 1801 usque
1074 1713 1118 1780 ad
1149 1718 1306 1782 nostram
1341 1719 1500 1781 aetatem

321 1841 452 1928 ubique
489 1840 540 1907 vel
575 1839 610 1905 in
636 1838 775 1926 Europa
787 1838 816 1923 ²)
841 1837 1012 1905 eiusmodi
1035 1838 1323 1926 superstitionum
1347 1839 1501 1927 vestigia

322 1966 564 2055 reperiuntur,
606 1961 804 2030 Christiana
847 1962 992 2050 quidem
1034 1962 1201 2050 religione
1237 1962 1501 2051 quodammodo

320 2091 587 2173 transformata,
619 2088 679 2156 sed
703 2095 822 2156 tamen
845 2092 981 2155 veteres
1004 2087 1120 2155 cultus
1143 2088 1259 2155 adhuc
1282 2087 1500 2172 redolentia,

320 2223 393 2284 tarn
418 2215 520 2304 proni
544 2218 626 2281 sunt
649 2213 807 2280 homines
831 2211 937 2280 rude's
960 2212 1003 2279 ad
1024 2212 1221 2295 humiliora,
1234 2213 1503 2282 sublimioribus

321 2341 426 2409 rebus
460 2339 550 2407 male
584 2338 770 2406 intellectis
792 2344 907 2426 atque
927 2337 1136 2425 conspretis,
1160 2357 1274 2426 neque
1297 2339 1503 2427 praeserip-

321 2471 397 2533 tum
422 2464 508 2532 illud
531 2467 774 2552 pervetustum
799 2482 939 2530 servare
962 2462 1092 2529 solent:

423 2590 660 2679 »Religentem
685 2609 759 2657 esse
782 2593 937 2680 oportet,
961 2588 1144 2677 religiosus
1167 2608 1210 2655 ne
1234 2586 1332 2656 luas‘'
1347 2589 1387 2676 ⁸).

359 2889 379 2954 ¹)
399 2887 441 2940 cf.
462 2887 527 2940 Cod.
547 2887 680 2940 Theodos.
701 2887 743 2953 18,
764 2890 806 2953 10,
826 2889 876 2954 123
896 2886 1046 2954 Augustin.
1063 2885 1096 2937 de
1112 2885 1207 2952 Temp.
1225 2884 1347 2936 Sermon.
1366 2884 1504 2953 uoxn13

322 2977 425 3030 Oonoil.
451 2977 547 3030 Carth.
573 2977 598 3027 V
626 2981 666 3042 15,
686 2977 793 3028 Arelat.
816 2978 856 3041 Il,
877 2975 1029 3028 Autissiod.
1050 2975 1107 3026 ΙΙΙ.
1128 2973 1200 3025 Vide
1219 2974 1373 3040 Biittioher,
1393 2974 1504 3027 Boum-

322 3067 418 3118 kultus
445 3083 504 3134 oap.
534 3066 585 3118 XL
611 3069 624 3131 ἓ
651 3067 680 3130 ’ῖ;
705 3065 845 3117 Lubbook.
866 3065 941 3133 Orig.
961 3065 993 3117 of
1009 3064 1068 3116 civ.
1088 3081 1114 3130 p.
1135 3066 1201 3128 2993
1218 3063 1350 3126 Dulaure,
1370 3064 1505 3119 Histoire

321 3153 432 3223 Abrege
452 3142 500 3206 des
519 3154 614 3206 Culter
634 3154 648 3205 I
667 3170 693 3220 p.
714 3157 780 3219 3043
800 3153 916 3219 Grimm,
935 3153 1074 3205 Deutsohe
1093 3152 1265 3221 Mythologie
1283 3152 1313 3203 II
1333 3169 1359 3219 p.
1379 3157 1444 3207 541.

358 3244 379 3309 2)
399 3243 441 3294 bf.
460 3243 609 3307 llnrtlnnd‚
629 3243 688 3294 The
707 3242 806 3311 legend
826 3243 858 3294 of
871 3243 988 3294 Perseus
1008 3244 1021 3294 Ι
1042 3260 1088 3310 pp.
1109 3244 1169 3307 175,
1189 3245 1255 3306 2013
1273 3242 1302 3293 II
1313 3259 1360 3309 pp.
1373 3246 1425 3294 183
1438 3261 1505 3314 sqq.

357 3332 378 3398 ³)
398 3332 467 3383 Gell.
488 3333 530 3383 IV
550 3336 575 3399 9,
596 3336 619 3383 1.
