3442 5175
872 382 939 450 154

320 588 473 668 Δήμητρι,
509 589 603 664 ηνίκα
637 589 692 662 την
725 582 827 645 τταῖόα
861 584 979 662 ἐζήτει,
1014 583 1165 662 λέγουσιν
1197 585 1337 645 ἕπεσθαί
1372 589 1403 645 ot
1437 589 1493 644 τὸν

318 708 510 770 Ποσειδῶνα
539 708 762 786 ἐπιθυμοῦντα
792 710 872 789 αὐτῇ
893 708 1072 788 μιχθῆναι,
1095 712 1229 787 κοίτην
1251 710 1312 787 μὲν
1336 710 1367 780 ἐς
1390 713 1492 768 ἵππον

318 832 569 912 μεταβαλοῦσαν
588 834 671 911 ὁμοῦ
690 838 757 904 ταῖς
775 837 885 905 ίττιιοις
900 833 1058 910 νέμεσθαι
1077 840 1145 905 ταῖς
1165 831 1306 911 Ὀγκίου,
1320 831 1492 894 Ποσειδῶν

320 955 353 1016 ὀί
385 960 531 1035 συνίησιν
565 958 788 1034 ἀπατώμενος,
834 963 890 1018 καί
923 960 1101 1035 συγγίνεται
1135 962 1171 1037 τῇ
1206 955 1343 1037 Δήμητρι
1379 958 1491 1038 ἄρσενι

320 1084 407 1158 ίιιττῳ
429 1083 483 1139 καί
508 1079 601 1150 αὐτὸς
623 1079 804 1153 εἰκασθείς.
820 1127 826 1140 .
842 1128 870 1140 ..
893 1072 929 1159 7)
953 1079 1016 1159 Την
1039 1079 1073 1141 ὑὲ
1097 1079 1245 1162 Δήμητρα
1267 1085 1367 1141 τεκεῖν
1390 1099 1491 1159 φασιν

319 1206 354 1264 ἐκ
376 1206 431 1264 τοῦ
452 1200 657 1275 Ποσειδῶνος
678 1204 858 1285 θυγατέρα,
884 1207 920 1283 ης
942 1207 977 1264 τὸ
999 1205 1105 1282 ὄνομα
1127 1204 1160 1275 ἐς
1180 1202 1365 1275 ἀτελέστους
1384 1202 1491 1281 λέγειν

320 1329 359 1388 οὐ
381 1326 567 1403 νομίζουσι,
591 1333 646 1388 καί
669 1330 840 1388 ἵπποντὸν
859 1325 1008 1409 Ἀρείονα
1027 1328 1081 1386 ἐντί
1100 1328 1198 1405 τούτῳ
1216 1324 1251 1386 de
1270 1330 1361 1408 παρὰ
1380 1329 1491 1405 σφίσιν

225 1533 228 1538 Δ
324 1446 486 1530 Ἀρκάδων
508 1451 642 1531 πρώτοις
663 1449 799 1512 Ἵττιτιον
820 1449 1013 1512 Ποσειὸῶνα
1037 1450 1273 1530 ὀνομασθῆναι.

365 1564 521 1631 Eandem
543 1564 696 1633 fabulam
719 1567 866 1634 tradunt
886 1567 986 1638 Ovid.
1011 1566 1093 1633 Met.
1115 1566 1161 1633 VI
1181 1564 1264 1645 118,
1279 1564 1367 1633 Stat.
1381 1565 1490 1632 Theb.

200 1769 203 1773 ι
321 1687 367 1755 Vl
401 1685 486 1771 301,
524 1686 680 1775 Apollod.
717 1688 804 1756 Bibl.
839 1688 890 1756 ΙΙΙ
925 1687 988 1772 68,
1020 1689 1165 1755 Ptolem.
1196 1689 1232 1755 in
1264 1687 1368 1755 Phoc.
1403 1686 1490 1754 Bibl.

320 1809 404 1896 too,
438 1831 469 1899 p.
506 1809 610 1892 148υ,
645 1810 689 1879 18
720 1811 875 1896 Bekker,
905 1811 1018 1916 Schol.
1050 1811 1147 1878 iliad.
1176 1816 1207 1878 p
1226 1809 1311 1895 346,
1335 1809 1489 1898 Philarg.

319 1934 363 2001 ad
387 1935 482 2023 Virg.
506 1935 630 2023 Georg.
655 1933 704 2001 ΙΙΙ
729 1933 813 2021 lea,
838 1936 950 2002 Tzetz.
974 1935 1018 2002 ad
1045 1935 1217 2023 Lycophr.
1242 1933 1321 2002 153.

365 2199 383 2287 5
414 2197 491 2266 264.
516 2199 565 2265 De
589 2199 654 2265 hoc
677 2198 864 2267 simulacro
891 2199 934 2267 ci.
959 2199 1000 2266 R.
1024 2199 1051 2266 F
1053 2203 1183 2279 trster,
1208 2197 1270 2264 der
1293 2195 1394 2264 Raub
1418 2196 1491 2264 und

321 2321 376 2389 die
401 2320 589 2389 Riickkehr
607 2320 669 2388 der
688 2321 911 2408 Persephone
931 2342 964 2410 p.
978 2321 1061 2406 luo;
1075 2323 1113 2389 E.
1127 2322 1304 2400 Petersen,
1319 2319 1409 2386 Krit.
1422 2319 1491 2385 Be-

321 2444 538 2532 merkungen
550 2464 611 2511 zur
623 2444 771 2512 altesten
784 2445 909 2513 Gesoh.
924 2445 987 2513 der
999 2445 1130 2533 grieoh.
1145 2444 1172 2511 Κ
1178 2448 1270 2528 unst,
1283 2444 1490 2531 Programm

321 2568 381 2636 des
415 2568 542 2656 Gymn.
577 2568 613 2634 in
649 2567 755 2636 Ploen
790 2565 877 2635 1871
915 2590 972 2657 pp.
1008 2566 1053 2635 35
1089 2591 1183 2657 sqq,
1219 2572 1254 2635 et
1290 2567 1339 2635 De
1373 2565 1492 2635 Cereri

322 2691 520 2780 Phigalensi
551 2695 658 2780 atque
684 2692 732 2758 de
765 2693 919 2781 Dipoeno
943 2697 978 2759 et
1003 2691 1151 2780 Scyllide
1175 2690 1376 2780 disputatio
1401 2691 1491 2758 Dor-

320 2800 430 2904 pater'
461 2814 937 2903 Renuntiationsprogramm
981 2812 1088 2898 1871,
1131 2814 1330 2899 Overbeck,
1367 2815 1409 2881 K.
1444 2815 1491 2883 Μ.

321 2939 419 3006 Dem.
451 2959 484 3006 u.
516 2939 607 3005 Kore
636 2958 670 3025 p.
701 2936 784 3022 4603
818 2938 967 3026 Breyer,
999 2937 1098 3005 Dem.
1131 2938 1299 3024 Melaina,
1323 2938 1492 3027 Sprottau

146 3122 149 3127 ,
232 3095 248 3125 ·.
320 3062 425 3148 1895,
451 3063 571 3150 Progr.

366 3187 531 3253 Petersen
550 3185 722 3273 perhibet,
740 3185 967 3252 simulacrum
987 3184 1073 3252 illud
1094 3205 1290 3274 numquam
1307 3186 1492 3271 exstitisse,

320 3309 545 3396 fabulamque
574 3309 617 3376 de
648 3329 688 3376 eo
719 3313 882 3397 agentem
906 3327 948 3375 ex
971 3327 1012 3375 eo
1035 3313 1148 3375 ortam
1174 3329 1264 3389 esse,
1290 3309 1383 3398 quod
1407 3310 1490 3377 olim
1559 3364 1560 3367 .

321 3441 466 3522 Δημήτηρ
498 3433 610 3499 forma
644 3433 772 3519 equina
806 3451 879 3499 esse
914 3429 1124 3498 crederetur.
1157 3431 1221 3500 Cui
1250 3434 1492 3502 assentiuntur

321 3557 501 3627 Overbeck
531 3555 583 3622 l.l.·
600 3560 635 3622 et
659 3556 765 3624 Bloch
789 3556 826 3623 in
850 3555 1017 3623 Roscheri
1041 3554 1086 3620 M.
1110 3554 1148 3620 L.
1172 3553 1334 3638 1113403
1359 3556 1491 3644 Breyer

321 3686 442 3748 contra
463 3679 594 3767 optimo
613 3680 689 3746 iure
708 3700 787 3747 eam
808 3681 1007 3769 opinionem
1028 3685 1218 3767 oppugnat.
1231 3679 1397 3746 Petersen
1410 3680 1491 3767 qui-

321 3806 399 3872 dem
421 3808 515 3875 recte
530 3802 693 3884 affirmat,
706 3805 741 3871 in
757 3803 908 3871 Arcadia
921 3802 1138 3891 temporibus
1150 3803 1274 3890 priscis
1287 3823 1415 3890 equam
1427 3823 1492 3889 pro

321 3938 458 4018 Δήμητρι
481 3928 697 3995 venerationi
721 3927 827 3995 fuisse
852 3926 963 4016 (quod
987 3925 1104 3994 fabula
1127 3925 1187 3993 illa
1211 3925 1302 3992 clare
1325 3925 1490 4011 indicat),

320 4054 478 4123 sedeam
498 4052 541 4120 ob
554 4071 696 4120 causam
708 4050 935 4119 simulacrum
949 4070 969 4116 a
982 4049 1155 4117 Pausania
1178 4053 1490 4117 commemoratum

319 4199 462 4268 prorsus
485 4177 628 4244 reiicere
652 4195 722 4242 non
745 4194 832 4263 opus
856 4178 920 4242 est.

365 4302 414 4369 De
449 4307 608 4389 Δήμητρος
637 4297 945 4365 transformatione
976 4295 1054 4363 vide
1090 4295 1372 4377 Preller-Robert
1402 4294 1434 4361 Ι4
1457 4316 1490 4383 p.

321 4425 405 4505 7563
425 4423 655 4491 Immerwahr
674 4442 731 4509 pp.
750 4420 817 4489 113
835 4442 930 4509 sqq.;
950 4420 1114 4509 Tirmpel,
1130 4419 1216 4487 Ares
1229 4440 1263 4487 u.
1279 4417 1473 4507 Aphrodite
