3442 5175
871 396 933 465 191

423 597 464 665 In
486 596 543 664 via
566 595 736 663 Troezene

420 721 630 790 Hermionen
639 719 786 787 ducente
797 725 895 806 κέκρα
918 720 1050 804 Θησέος.
1440 714 1486 782 60

326 847 398 919 cl.
424 847 525 936 Argis
798 841 856 910 Ius
879 840 963 909 olea.
1419 837 1485 906 135

425 972 596 1040 Troezene
802 963 933 1033 Orestis
955 964 1083 1034 laurus.
1418 961 1485 1030 136

801 1094 999 1179 Ἡρακλέους
1021 1088 1174 1157 oleaster.
1419 1084 1485 1154 137

801 1213 978 1303 Hippolyti
1002 1213 1155 1282 oleaster.
1420 1210 1486 1279 138

803 1337 981 1406 Phaedrae
1004 1343 1150 1427 myrtus.
1420 1333 1486 1402 139

805 1469 975 1533 Ἀπόλλων
995 1468 1237 1543 Πλατανλσκιος.
1421 1458 1487 1538 214

429 1590 468 1657 ln
487 1588 587 1657 litore
607 1587 709 1656 Sinus
723 1586 783 1655 Sa·
806 1593 1004 1677 Ἡρακλέους
1023 1588 1168 1657 oleaster
1179 1588 1308 1679 (adhuc
1320 1587 1399 1655 ado-

471 1714 580 1782 roniei
847 1711 984 1800 ratusl)
1152 1716 1156 1723 ’
1421 1707 1486 1777 137

429 1837 594 1930 Epidauri
803 1841 981 1926 Ὑρνηθοῦς
1004 1835 1152 1905 oleastri.
1422 1831 1488 1900 123

807 1967 931 2048 Ἀθηνᾶ
955 1966 1108 2030 Κισσαλα.
1421 1956 1488 2025 211

431 2087 563 2155 Lernae
804 2083 970 2152 Platanos
1002 2083 1065 2152 sub
1088 2103 1157 2172 qua
1179 2083 1290 2172 hydra
1313 2082 1399 2152 edu·

850 2212 928 2276 eata
951 2212 1035 2276 erat.
1422 2205 1489 2273 112

334 2336 359 2404 C
377 2334 410 2403 2.
435 2334 600 2425 Epidauri
807 2332 919 2422 Capra
945 2340 1125 2421 Ἀσκληπιῷ
1147 2332 1272 2401 infanti
1293 2332 1401 2401 ubera

808 2456 978 2547 praebens
990 2457 1054 2525 sub
1065 2456 1199 2525 duabus
1211 2455 1399 2524 arboribus
1423 2452 1491 2521 193

434 2582 604 2652 Troezene
808 2580 964 2651 Oleaster
1004 2588 1039 2650 et
1080 2602 1262 2672 cupressus
1304 2581 1402 2653 iuxta

853 2715 993 2795 Ἀθηνᾶς
1013 2712 1193 2788 Σθενιάδος
1214 2706 1394 2797 templum.
1424 2704 1487 2773 211

337 2833 414 2901 Dl.
438 2833 541 2923 Argis
808 2832 930 2921 Argivi
938 2836 1133 2921 serpentem
1142 2852 1211 2900 non
1220 2831 1401 2901 necabant.
1423 2828 1487 2897 221

810 2963 960 3037 Διόνυσος
981 2962 1148 3044 Βουγὲκης,
1424 2953 1492 3022 255

812 3088 981 3152 Ἀπόλλων
1002 3087 1142 3161 Λύκειος.
1425 3079 1492 3148 272

438 3204 607 3272 Troezene
810 3204 1003 3274 Troezeniis
1044 3205 1187 3295 polypos
1222 3224 1336 3273 sacros
1370 3209 1405 3273 et

855 3329 1046 3398 testudines
1065 3330 1184 3397 venari
1193 3328 1403 3397 nonlieebat.
1426 3326 1493 3396 222

812 3459 958 3543 ’Ἄρτεμις
980 3460 1108 3523 Aeneia.
1427 3451 1494 3520 272

440 3575 604 3665 Epidauri
815 3584 1005 3665 Ἀσκληπιὸς
1019 3578 1130 3647 forma
1142 3578 1339 3667 serpentina
1350 3578 1405 3645 in-

858 3702 973 3771 dutus.
1251 3688 1255 3699 ¹
1428 3701 1496 3770 239

441 3824 609 3914 Naupliae
815 3824 943 3894 Asinus
972 3827 1010 3893 in
1040 3847 1121 3894 saxo
1151 3825 1295 3908 effictus,
1325 3827 1408 3917 quia

859 3955 1035 4019 sarmenta
1046 3956 1169 4040 putare
1180 3951 1338 4019 homines
1349 3950 1407 4019 do·

860 4075 997 4144 cuisset.
1430 4073 1497 4143 262

443 4195 498 4263 Ad
522 4195 683 4284 Mycenas
815 4198 1412 4289 Cuculus‘'Hpagsoeptroinsidebat.
1430 4198 1497 4268 269

346 4318 420 4389 DE.
445 4320 610 4409 Epidauri
783 4321 871 4391 Ado.
884 4329 1071 4409 Ἀσκληπιοῦ
1079 4330 1193 4414 caput,
1203 4344 1255 4393 av.
1266 4345 1418 4414 serpens.
1430 4322 1497 4392 236

446 4444 548 4532 Argis
807 4445 935 4536 Lupus.
1134 4433 1137 4439 ¹
1431 4447 1495 4516 271
