3442 5175
764 389 830 460 225

259 587 353 674 §tl
378 587 469 655 Deus
493 591 611 654 autem
636 587 701 656 sibi
714 587 786 676 'ipsi
806 587 1019 656 sacrificatus
1032 587 1380 657 nobistotemismum

212 714 251 780 in
274 712 477 780 memoriam
501 712 636 780 reducit
650 713 686 798 1);
709 711 831 779 totemi
851 713 945 779 enim
965 713 1073 801 ipsius
1089 714 1230 803 sanguis
1242 712 1381 780 sollem-

213 836 318 906 nibus
341 836 463 907 diebus
485 858 590 925 super
612 858 709 905 aram
734 836 942 921 effunditur,
966 842 1005 906 ut
1028 838 1113 905 deus
1137 859 1233 906 aram
1256 840 1380 923 intret,

212 961 442 1050 hominesque
477 981 550 1029 sese
584 962 694 1030 artius
729 982 809 1031 curn
843 983 883 1029 eo
917 962 1148 1049 coniungant;
1171 961 1381 1050 ubicumque

211 1086 404 1154 totemismi
429 1086 527 1174 vigor
550 1105 733 1174 oppressus
757 1094 826 1171 est,
851 1087 979 1154 animal
1002 1086 1087 1154 illud
1111 1086 1224 1154 adhuc
1248 1093 1380 1155 macta-

212 1214 292 1296 tur,
326 1209 402 1293 sed,
434 1209 523 1277 ritus
545 1229 627 1277 vero
651 1231 753 1279 sensu
776 1210 812 1277 in
836 1209 1007 1278 oblivione
1029 1211 1182 1294 iacente,
1205 1229 1268 1298 pro
1291 1210 1381 1277 dono

213 1334 281 1402 diis
305 1333 460 1402 offertur.
485 1333 695 1403 Totemismo
718 1335 827 1423 igItur
850 1333 1112 1403 attribuendum
1132 1339 1381 1402 censeoartum

212 1457 302 1527 illud
335 1458 534 1543 vinculum,
568 1458 660 1547 quod
691 1460 783 1527 inter
807 1460 889 1527 deos
913 1465 947 1527 et
970 1445 1099 1527 hostias
1121 1459 1164 1527 iis
1187 1458 1382 1526 immolatas

212 1583 252 1650 in
276 1582 421 1651 Graecia
445 1583 616 1651 exstitisse
640 1583 960 1653 animadvertimus.

261 1706 278 1795 ᾖ
301 1706 353 1774 22.
379 1704 461 1774 Sine
484 1706 589 1774 dubio
613 1708 719 1776 sacris
739 1707 948 1776 animalibus
967 1725 1230 1796 nonnumquam
1243 1727 1381 1797 quoque

213 1831 260 1898 ob
282 1831 317 1898 id
341 1833 456 1921 ipsum
479 1831 571 1920 quod
595 1852 693 1900 sacra
717 1838 816 1901 erant
840 1833 1046 1923 parcebant3
1071 1853 1179 1921 parva
1201 1834 1294 1900 enim
1317 1834 1381 1900 ho-

201 1955 352 2042 minnm
375 1955 412 2023 in
436 1954 564 2024 talibus
587 1955 692 2025 rebus
716 1958 996 2026 constantiaest.
1257 2047 1260 2054 ι

264 2084 388 2168 Ἀθηνᾷ
412 2100 444 2145 v.
467 2100 496 2146 c.
527 2100 632 2168 capra
655 2100 753 2148 sacra
776 2080 881 2149 fuisse
905 2080 1061 2164 videtur,
1088 2081 1195 2148 immo
1218 2082 1293 2170 ipsa
1317 2082 1382 2149 dea

213 2201 362 2270 fortasse
385 2203 508 2292 priscis
527 2204 743 2293 temporibus
762 2205 874 2271 forma
894 2204 1035 2292 caprina
1058 2204 1181 2273 induta
1193 2205 1276 2291 luit;
1289 2206 1383 2294 aegis
1453 2289 1455 2294 ,

214 2325 321 2409 enim,
356 2348 462 2414 quam
496 2328 671 2417 gestabat,
703 2328 767 2396 hoc
797 2327 950 2396 indicare
974 2328 1122 2414 videtur,
1146 2333 1181 2396 et
1203 2334 1383 2418 praeterea
1455 2303 1456 2306 Ἴ

214 2452 358 2519 nomina
388 2457 517 2539 Αἰγεύς,
547 2458 700 2540 Αἰγεῖδαι,
736 2453 904 2540 Αἰγηίςῖ),
932 2459 1061 2539 Αἴγινα,
1084 2461 1248 2540 Αἰγάλεως
1270 2483 1297 2521 κ,
1311 2484 1334 2522 τ.
1349 2462 1380 2521 λ.

214 2597 400 2665 caprarum
436 2576 570 2646 cultum
604 2578 641 2644 in
676 2576 793 2645 Attica
829 2579 977 2667 viguisse
1008 2579 1195 2647 ostendunt
1207 2578 1242 2663 3).
1279 2578 1382 2667 Apud

215 2701 439 2770 Athenaeum
473 2708 591 2770 autem
626 2701 791 2790 legimus,
816 2722 937 2791 capras
961 2709 1087 2801 ’ᾼθηνᾷ
1110 2703 1290 2770 immolare
1312 2722 1381 2769 non

213 2825 353 2894 licuisse
365 2825 404 2914 ⁴).

261 2956 430 3040 Ἀφροόίτῃ
460 2970 539 3018 sues
562 2949 756 3018 sacrificare
780 2951 928 3019 vetitum
953 2952 1077 3038 erat⁵);
1098 2952 1243 3040 dignum
1263 2956 1380 3019 autem
1458 2979 1459 2982 ¹

215 3079 269 3141 est
292 3075 384 3162 quod
409 3074 622 3158 observetur,
644 3075 747 3162 Argis
767 3076 912 3143 eandem
926 3077 1025 3144 deam
1038 3078 1081 3143 iis
1092 3077 1214 3143 hostiis
1225 3077 1380 3165 gavisam

215 3219 309 3286 esse,
332 3204 422 3266 teste
445 3197 671 3266 Callimacho:
695 3205 855 3289 ,Ἀργεῖοι
875 3203 1044 3290 Ἀφροδίτῃ
1067 3211 1107 3267 ὗν
1129 3208 1264 3283 θύουσι,
1288 3211 1381 3285 καὶὴ

215 3331 307 3412 ἑορτὴ
328 3331 472 3393 καλεῖται
496 3324 677 3415 ‘Intactas'
691 3324 718 3409 6)

259 3455 349 3539 Ἥρᾳ
380 3470 421 3516 ex
445 3448 606 3517 omnibus
629 3449 769 3516 Graecis
793 3449 956 3537 Spartani
979 3449 1041 3517 soli
1064 3470 1184 3540 capras
1207 3449 1379 3542 sacrifica-¹

214 3573 319 3657 bant,
343 3574 514 3663 deamque
536 3575 646 3677 ipsam
658 3580 842 3675 Αἰγοφάγον
856 3540 1106 3662 nuncupabant
1120 3575 1155 3659 ⁷);
1168 3574 1380 3662 ubicumque.

216 3789 428 3799 mn...—

255 3935 274 4003 ¹)
293 3937 364 3988 Vide
384 3938 443 3990 Lib.
464 3939 477 3990 Ι
497 3939 511 4005 ξ
531 3941 576 3989 30.

253 4025 273 4091 ²)
292 4026 364 4078 Vide
382 4027 457 4078 infra
476 4027 490 4093 ξ
511 4031 552 4078 24.

252 4114 273 4180 8)
293 4114 334 4167 Of.
354 4115 428 4167 Oook
447 4116 486 4168 l.l.
505 4134 532 4183 p.
553 4119 611 4168 150.

252 4203 274 4269 ⁴)
294 4205 396 4257 Athen.
416 4205 492 4256 XIII
513 4208 555 4257 51.

252 4291 274 4357 ⁶)
293 4293 378 4346 Arist.
398 4295 518 4346 Acheru.
540 4296 599 4359 7933
618 4294 698 4346 Pauo.
718 4294 749 4345 II
770 4297 811 4360 10,
830 4298 862 4361 5,
885 4296 985 4364 Aesop.
1005 4293 1070 4347 Feb.
1091 4298 1151 4346 230.

252 4380 273 4447 ο)
293 4382 376 4449 Apud
395 4384 496 4434 Athen.
516 4382 573 4449 ΙΙΙ,
592 4386 634 4434 40.
654 4382 696 4435 Ol.
715 4381 804 4435 Streb.
824 4383 876 4450 IX,
895 4401 921 4451 p.
943 4388 1003 4438 669.

253 4470 274 4538 7)
292 4471 373 4525 Peos.
392 4471 440 4523 III
463 4475 504 4537 15,
524 4475 548 4524 9.
