3442 5175
814 411 881 481 187

266 607 344 676 08.
368 609 525 678 Corinthi
743 610 850 678 Pinus
886 610 950 678 sub
985 630 1055 698 qua
1088 609 1281 678 Melicertes
1303 611 1339 678 in

782 734 937 823 delphini
959 740 1057 822 tergo
1081 733 1222 803 cubans.
1360 732 1427 801 120

310 983 369 1074 41)
395 985 639 1072 Hyrnetho.

266 1107 341 1177 01.
366 1109 533 1197 Epidauri
682 1182 687 1195 ,
739 1107 887 1176 Oleastri
930 1108 1020 1176 sacri
1054 1108 1091 1176 in
1128 1107 1340 1196 Hyrnetho'is

784 1232 945 1322 sepulcro
970 1233 1046 1301 sati.
1368 1231 1430 1299 123

308 1483 365 1570 42)
388 1483 635 1553 Alcmaeon.

268 1609 343 1677 01.
368 1608 540 1697 Psophide
741 1607 904 1696 Cupressi
926 1627 1044 1675 sacrae
1064 1607 1099 1675 iu
1124 1607 1342 1677 Alcmaeonis

788 1731 946 1821 sepulcro
970 1736 1075 1800 satae.
1365 1733 1431 1802 124

310 1980 368 2072 43)
393 1982 678 2072 Hippolytus,

266 2107 341 2177 01.
366 2109 537 2176 Troezene
741 2107 907 2193 oleaster,
920 2108 1072 2176 intortus
1085 2114 1237 2191 vocatus,
1248 2110 1340 2198 quod

781 2233 825 2300 ad
856 2253 934 2299 earn
966 2232 1124 2302 arborem
1155 2227 1341 2323 implicatis

786 2357 932 2426 habenis
951 2358 1138 2428 subversus
1150 2363 1240 2428 esset
1253 2360 1341 2450 Hip·

785 2483 895 2573 polyti
919 2503 1052 2552 currus
1365 2482 1431 2552 138

310 2730 369 2820 44)
393 2733 604 2838 Phaedra.

266 2857 341 2925 01.
366 2857 536 2927 Troezene
741 2861 877 2949 Myrtus
889 2860 1135 2950 perterebratis
1147 2861 1247 2948 foliis,
1256 2885 1342 2953 quas

787 3006 904 3053 amore
924 2986 1043 3054 furens
1056 2986 1214 3055 Phaedra
1228 2988 1342 3077 perso·

788 3115 937 3179 raverat.
1365 3109 1431 3180 139

309 3357 366 3446 45)
391 3360 636 3430 Menoccus.

267 3484 343 3553 01.
368 3485 495 3553 Thebis
744 3485 856 3554 Malus
880 3487 1006 3575 punica
1028 3487 1066 3554 in
1091 3487 1264 3555 Menoecei
1288 3508 1342 3555 so-

787 3611 907 3699 pulcro
931 3617 1016 3680 sata.
1365 3611 1432 3680 128

309 3861 370 3951 46)
395 3861 688 3931 Protesilaus.

268 3987 342 4057 01.
368 3989 418 4055 Ex
444 3987 589 4055 adverso
613 3985 667 4054 Ilii
747 3985 899 4055 Arbores
920 3988 957 4055 in
981 3987 1162 4056 Protesilai
1186 3988 1342 4077 sepulcro

787 4117 894 4180 satae.
1366 4113 1432 4182 tao

309 4360 352 4429 47
390 4359 482 4429 Ilus

267 4364 422 4553 01)]Ιῇ
704 4558 706 4565 ,
743 4485 899 4565 Quercus
921 4486 959 4553 in
982 4485 1023 4553 lli
1046 4486 1181 4555 tumulo
1204 4491 1309 4556 satae.
1366 4485 1432 4555 130
