3442 5175
790 435 852 501 aar

240 626 381 696 indutas
404 629 527 710 inisse,
551 634 591 696 nt
616 651 733 698 ursam
757 631 852 698 iiiam
878 632 1051 715 divinam,
1075 633 1097 698 i.
1111 632 1265 736 edeam
1277 633 1406 721 ipsam,

241 751 473 825 imitarentur.
490 753 530 820 In
544 754 694 822 Arcadia
706 776 845 844 quoque
859 778 976 823 ursam
989 757 1032 824 ad
1045 765 1188 846 Ἄρτεμιν
1200 758 1407 845 pertinuisse

241 895 259 941 e
282 876 400 945 tabula
424 878 465 945 de
490 878 652 948 Callistus
674 881 980 949 transformatione
1001 881 1137 962 efficere
1160 903 1354 971 possumus,

285 1001 302 1089 ξ
325 1002 378 1070 15.
403 1002 453 1071 De
478 1010 636 1094 Δήμητρος
656 1005 894 1074 sacerdotibus
915 1007 1130 1095 Porphyrius
1144 1007 1171 1094 1)
1183 1008 1269 1078 haec
1281 1007 1406 1075 tradit:

284 1131 352 1193 Καί
386 1139 439 1206 τάς
472 1135 631 1218 Δήμητρος
664 1141 779 1219 ίερείας
814 1142 856 1210 ὡς
891 1146 942 1218 τῆς
974 1141 1112 1219 χθονίας
1145 1141 1225 1212 θεάς
1254 1138 1407 1219 μάστιόας

239 1258 395 1336 μελίσσας
418 1265 449 1321 ot
469 1255 606 1323 παλαιοί
626 1262 766 1322 ἐκάλουν
790 1266 888 1341 αὐτήν
912 1286 943 1325 τε
965 1270 1019 1342 τὴν
1042 1264 1153 1347 Κόρην
1174 1264 1342 1345 μελιτώδη.
1357 1256 1404 1325 Cf.

241 1375 389 1464 Hesyoh.
414 1398 439 1445 s.
453 1400 486 1444 v.
511 1372 694 1462 namu,
719 1380 852 1448 aarum.
878 1382 1007 1470 nyma.
1030 1383 1066 1449 in
1087 1382 1198 1469 spon.
1223 1380 1306 1449 uo:
1332 1353 1407 1469 Δηοῖ

240 1506 327 1569 ὅόάκ
350 1512 414 1570 άττὸ
438 1516 555 1583 παντὸς
578 1510 663 1593 ὕδωρ
686 1515 836 1594 φορέουσι
860 1512 1035 1574 Μέλισσαι.

284 1627 324 1693 In
348 1628 573 1717 inscriptione
598 1630 769 1698 Laconica
789 1631 841 1720 (C.
861 1631 887 1700 Ι.
908 1632 947 1699 G.
967 1630 1068 1716 4449)
1082 1639 1241 1721 Δήμητρος
1253 1635 1287 1698 et
1299 1637 1407 1721 Κόρης

240 1753 400 1819 Sacerdos
423 1761 556 1835 ,μτῶλος
577 1768 643 1821 τοῖν
667 1764 854 1840 άντωτάτοιν
876 1763 993 1823 άεοῖν”
1017 1760 1249 1845 nuncupatur.

284 1876 382 1954 Quod
408 1877 450 1943 ad
475 1884 621 1967 Δήμητρα
644 1879 788 1964 attinet,
809 1900 885 1947 eam
906 1880 1054 1948 formam
1067 1880 1231 1968 equinam
1245 1879 1407 1947 habuisse

239 2022 258 2069 e
288 2002 474 2071 simulacro
504 1994 562 2070 illo
586 2003 826 2092 phigalensi2)
851 2011 887 2071 et
911 2025 930 2071 e
953 2003 1079 2072 sabulis
1103 2004 1320 2089 Arcadicisss)
1344 2024 1407 2091 ap·

238 2132 347 2214 paret.

283 2252 301 2340 )
324 2251 377 2319 16.
405 2250 556 2341 »Apium
579 2252 699 2340 reges”
723 2253 864 2342 Ephesii
884 2274 1023 2342 qnoque
1047 2253 1116 2320 huc
1136 2252 1302 2319 afferendi
1315 2256 1407 2328 sunt,

239 2378 281 2445 de
316 2376 443 2467 quibus
470 2378 657 2445 Pausanias
669 2378 699 2465 4)
735 2398 798 2445 nos
821 2377 907 2446 haec
931 2378 1047 2446 docet:
1071 2391 1200 2446 τοιαῦτα
1223 2383 1296 2445 οῖδα
1318 2386 1407 2463 ἕτερα

238 2512 384 2570 ἐνιαυτὸν
406 2515 460 2569 καί
484 2511 522 2569 οὐ
545 2511 653 2591 πρόσω
680 2508 836 2590 Ἐφεσίων
858 2508 1097 2591 ἐπιτηδεύοντας
1119 2513 1190 2581 τοὺς
1209 2515 1244 2590 τῇ
1256 2504 1407 2591 Ἄρτέμτὸι

239 2637 415 2717 ἱστιάτορας
449 2640 484 2714 τῇ
528 2632 656 2716 Ἐφεσίᾳ
691 2637 893 2713 γινομένους,
928 2635 1148 2713 καλουμένους
1182 2633 1215 2693 δὲ
1250 2636 1313 2693 ὑπὸ
1347 2637 1408 2692 τῶν
1444 2700 1446 2706 ,

238 2759 378 2821 πολιτῶν
400 2755 567 2837 Ἐσσῆνας.
593 2750 643 2819 Cf.
668 2750 779 2818 Schol.
814 2751 850 2818 in
881 2751 1013 2819 Gallim.
1039 2752 1166 2840 Hymn.
1190 2752 1226 2818 in
1250 2751 1322 2818 Iov.
1344 2749 1405 2816 661

239 2875 359 2961 Ἐσοὴν
391 2888 505 2966 κυρίως
539 2886 558 2943 ὁ
587 2883 741 2960 βασιλεὺς
771 2889 831 2944 τῶν
860 2882 1038 2961 μελισσῶν.
1067 2875 1120 2942 Et.
1147 2875 1210 2941 M.:
1237 2875 1365 2960 Ἐσσὴν,
1389 2884 1408 2941 ὁ

238 3008 392 3084 βασιλεὺς
402 3013 483 3069 κατά
499 3006 673 3087 Ἐφεσίους.
694 3000 861 3089 Hesych.:
877 2999 1037 3085 Ἐσσῆνες,
1049 3008 1185 3084 μάντεις.
1201 2999 1241 3066 In
1254 3000 1407 3067 nummis

239 3126 396 3215 'Ephesiis
431 3127 505 3216 apis
530 3126 736 3214 frequenter
767 3125 979 3213 conspicitur
992 3125 1038 3212 5);
1070 3146 1133 3192 nec
1167 3123 1287 3191 dubito
1322 3124 1407 3212 quin

238 3252 363 3319 horum
399 3252 601 3319 animalium
633 3251 810 3319 veneratio
840 3249 889 3318 ibi
921 3251 1072 3338 viguerit
1102 3250 1272 3339 deamque
1295 3250 1406 3338 ipsam

239 3398 339 3465 apem
364 3398 437 3445 esse
461 3377 601 3466 Ephesii
625 3377 730 3466 prisci
753 3376 974 3444 crediderint.

283 3501 300 3590 ξ
335 3498 389 3568 tr.
422 3501 525 3591 Apud
562 3501 776 3590 Hesychinm
810 3522 882 3568 sv.
916 3508 1025 3569 πωίία
1060 3500 1227 3588 legimus:
1258 3506 1405 3587 χαλκοῦν

238 3636 348 3713 πῆνμά
371 3657 407 3694 τι.
433 3635 521 3715 φέρει
544 3631 578 3692 δὲ
600 3635 653 3693 ἐπί
676 3638 736 3693 τῶν
759 3635 855 3710 ὤμων
878 3637 933 3705 τάς
951 3640 1012 3693 τῶν
1030 3630 1255 3697 Λευκιππίδων
1266 3630 1403 3703 πώλους
1425 3677 1427 3679 -

238 3758 295 3819 δύο
329 3758 363 3819 δὲ
398 3762 480 3819 εῖναι
514 3758 698 3839 παρθένους
731 3762 838 3836 φασίν.
877 3751 997 3818 Potest
1031 3749 1103 3817 fieri
1136 3756 1176 3817 ut
1199 3756 1303 3817 πῶλοι
1327 3749 1405 3816 illae

239 3876 491 3964 Leucippidum
522 3874 716 3943 sacerdotes
749 3875 877 3942 tuerint
902 3874 1009 3964 (quod
1035 3874 1139 3942 Wide
1152 3873 1180 3962 ⁶)
1204 3874 1406 3942 dubitanter

276 4073 297 4143 ¹)
314 4074 415 4141 Porph.
435 4073 469 4125 de
487 4073 577 4124 Antro
597 4073 718 4141 Nymph.
742 4076 782 4125 18.

275 4162 295 4227 2)
314 4162 395 4214 Paus.
414 4162 489 4214 VIII
508 4165 552 4219 42,
571 4165 596 4227 3,
615 4162 678 4214 vide
698 4161 757 4213 Lib.
778 4161 809 4211 ΙΙ
828 4162 843 4226 g
864 4164 924 4212 263.

274 4249 295 4316 3)
314 4251 386 4303 Vide
404 4250 464 4303 Lib.
485 4251 515 4301 ΙΙ
535 4251 646 4302 ibidem.

274 4340 296 4405 4)
315 4340 395 4392 Pane.
415 4340 491 4393 VIII
512 4342 554 4405 13,
575 4344 597 4391 1.
716 4384 718 4388 .

274 4429 295 4495 5)
314 4430 385 4481 Vide
404 4429 465 4481 Lib.
485 4430 515 4480 ΙΙ
535 4430 549 4494 ξ
570 4431 629 4479 271.

274 4518 294 4584 θ)
315 4520 383 4571 Lat.
403 4519 490 4569 Kulte
509 4535 536 4585 p.
556 4521 616 4568 331.
