3442 5175
834 448 878 515 37

272 656 444 734 ἀκινάκην,
470 656 501 713 oi
524 652 658 734 Ἄραβες
676 656 730 713 τὸν
748 652 866 726 λίθον,
886 655 917 712 οί
929 650 1056 733 Πέρσαι
1068 654 1122 711 τὸν
1133 656 1279 731 ποταμὸν
1290 653 1443 734 προσεκύ·

272 800 366 853 νοον,
391 784 446 839 καί
469 784 530 838 τῶν
547 776 662 838 ἀλλων
675 776 866 858 Ιἀνθρώπων
884 779 915 836 οί
927 775 971 835 ἔτι
983 775 1191 857 παλαιότεροι
1204 775 1287 850 ξύλα
1299 773 1443 856 ίύρύοντο

272 908 432 985 περιφανῆ
454 906 509 962 nai
531 905 641 972 κίονας
663 905 758 962 ίστων
780 901 815 960 ἐκ
837 900 1001 997 λίθωνά
1024 897 1063 976 δὴ
1085 906 1140 960 καί
1162 901 1264 975 ξόανα
1287 918 1443 981 προσηνο-

273 1030 377 1109 ρεύετο
401 1024 455 1086 ύιοῖ
478 1029 512 1086 τὸ
535 1025 714 1101 ἀπεξέσθαι
736 1031 788 1102 τῆς
810 1024 898 1103 ύλης.

315 1143 421 1210 Clem.
458 1140 556 1208 Alex.
591 1139 718 1207 Strorn.
750 1140 783 1226 Ι,
814 1139 876 1222 25,
909 1139 984 1208 164.
1008 1146 1095 1230 Πρίν
1119 1151 1196 1226 γοῦν
1218 1147 1443 1228 ἀκριβωθῆναι

273 1278 326 1346 τοῖς
356 1279 417 1334 τῶν
448 1272 645 1351 ἀγαλμάτων
675 1272 799 1351 σχέσεις
821 1275 932 1343 κίονας
954 1275 1093 1344 ίσταντες
1116 1275 1146 1332 ot
1170 1270 1308 1332 παλαιοί
1330 1272 1444 1348 ἔσεβον

274 1399 399 1470 τούτους
422 1399 464 1470 ὡς
488 1395 694 1479 ἀφιδρύματα
716 1400 771 1456 τού
795 1395 886 1456 θεού.

316 1719 347 1786 Ι.
383 1720 433 1786 lie
470 1718 650 1802 lapidibus
686 1737 706 1784 a
738 1716 885 1787 (iraeois
918 1720 1099 1800 tamquam
1129 1717 1276 1786 deorum
1299 1716 1444 1784 sedibus

380 1843 552 1911 adoratis.

317 1990 346 2032 ο.
371 1965 423 2033 Dr
448 1982 549 2033 sams
573 1984 735 2033 uuoraus.
861 1999 868 2012 ·

317 2197 334 2286 §
357 2195 388 2264 3.
414 2195 479 2286 [i].
504 2196 731 2284 ThespiiS,
756 2196 792 2262 in
817 2195 904 2263 urhe
928 2194 1090 2262 Boeotiae
1114 2201 1256 2285 (Ἔρως).

317 2323 418 2390 Paus.
440 2320 507 2401 IX,
526 2319 589 2403 27,
609 2319 641 2387 1.
663 2325 751 2389 Θεῶν
771 2325 804 2387 δέ
817 2330 847 2387 oi
861 2325 1006 2398 Θεσπιεῖς
1018 2332 1151 2404 τιμῶσιν
1163 2325 1290 2409 Ἔρωτα
1301 2328 1445 2406 μάλιστα

273 2454 306 2527 ἐξ
325 2454 441 2534 ἀρχῆς,
466 2454 522 2512 καί
544 2471 654 2530 σφισιν
677 2450 812 2530 ἄγαλμα
835 2450 1054 2511 παλαιότατόν
1077 2450 1162 2510 ἐστιν
1185 2451 1281 2531 ἀργὸς
1303 2452 1408 2524 λίθος.

316 2674 387 2763 §i
413 2635 478 2765 [21.
504 2676 792 2758 Orchomeni‚
816 2676 851 2742 in
878 2674 965 2743 urbe
990 2674 1153 2741 Boeotiae
1177 2680 1345 2765 (Χάριτες).

317 2801 418 2870 Paua
443 2800 511 2879 IX,
533 2798 595 2884 38,
620 2800 650 2868 i.
672 2806 892 2890 Ὀρχομενίοις
912 2805 946 2866 δὲ
967 2808 1136 2885 πεποίηται
1149 2801 1166 2838 *
1180 2800 1198 2839 *
1210 2812 1266 2867 καί
1278 2806 1442 2882 Διονύσου,

273 2936 306 2992 τὸ
341 2930 375 2991 δέ
410 2933 622 3013 ἀρχαιότατον
656 2929 805 3013 Χαρίτων
839 2932 924 2990 ἐστιν
955 2931 1049 3009 ἱερόν.
1087 2932 1142 3000 τὰς
1170 2931 1231 3006 μέν
1261 2928 1300 3007 aa
1331 2931 1445 3012 πέτρας

273 3056 404 3132 σεβονσί
428 3076 458 3115 τε
476 3055 636 3134 μάλιστα,
657 3062 712 3115 καί
730 3058 771 3133 τῷ
784 3052 947 3114 Ἐτεοκλεῖ
959 3054 1057 3124 αύτάς
1068 3058 1178 3113 πεσεῖν
1190 3054 1224 3113 ἐκ
1237 3059 1291 3114 τού
1304 3056 1444 3136 ούρανοῦ

273 3182 380 3256 φασίν·
413 3182 451 3238 τὰ
474 3176 508 3238 rii
531 3179 704 3257 ἀγάλματα
727 3183 765 3238 τύ
788 3182 847 3239 σύν
869 3179 979 3254 κόσμῳ
1002 3176 1203 3255 πεποιημένα
1226 3178 1362 3256 ἀνετέθη
1384 3182 1445 3257 μέν

273 3301 323 3361 ἐπ’
346 3304 443 3380 ἐμοῦ,
467 3302 569 3363 λίθον
592 3301 626 3364 ὅέ
649 3304 713 3364 ἐστι
736 3324 790 3364 ιιαι
814 3307 920 3362 ταύτα.

317 3524 390 3610 ξύ.
416 3523 481 3614 [3].
507 3525 682 3613 Hyetti,
707 3524 744 3591 in
767 3544 856 3614 pago
880 3527 1042 3595 Boeotiae
1066 3529 1260 3616 ίΗρακίῆς).

317 3649 419 3717 Palis,
444 3648 511 3735 IX,
535 3647 598 3729 24,
623 3647 654 3716 3.
680 3655 739 3717 Ἐν
763 3655 872 3736 Ὑήττῳ
895 3656 929 3718 ύὲ
949 3661 1027 3731 ναός
1049 3660 1133 3719 ἐστιν
1157 3655 1366 3739 Ἡρακλέους,
1390 3662 1445 3716 καί

274 3783 395 3858 ίάματα
418 3781 579 3862 εύρασθαι
603 3785 692 3862 παρὰ
715 3783 825 3842 τούτου
850 3788 914 3853 τοῖς
936 3784 1115 3860 κάμνουσιν
1136 3782 1237 3856 ἔστιν,
1262 3783 1351 3851 ὄντος
1371 3782 1445 3859 ούχῖ

273 3904 459 3982 ἀγάλματος
482 3908 541 3965 σύν
564 3906 673 3986 τέχνῃ,
697 3904 798 3966 λίθον
822 3900 855 3965 δέ
879 3909 979 3988 ἀργοῦ
1001 3910 1082 3967 κατὰ
1104 3911 1138 3967 τὸ
1161 3909 1308 3987 ἀρχαῖον.

317 4126 378 4215 §fa
393 4126 457 4217 [liJ.
479 4098 771 4211 Pessinunte,
790 4127 827 4194 in
847 4125 934 4194 urbe
955 4126 1129 4216 Phrygiae
1149 4127 1293 4217 (Magna
1305 4126 1444 4215 Mater).

274 4251 403 4319 Arnob.
428 4252 506 4318 adv.
531 4255 653 4339 gentes
677 4249 752 4335 VH,
776 4249 829 4317 49.
868 4250 934 4318 Sed
959 4255 994 4319 et
1019 4252 1157 4340 Magna,
1181 4252 1308 4340 inquit,
1332 4252 1444 4318 Mater

273 4376 383 4443 accita
403 4394 446 4442 ex
467 4375 620 4463 Phrygio
641 4375 849 4443 Pessinunte
861 4375 965 4443 iussis
977 4376 1203 4444 consimiliter
1215 4380 1337 4443 vatum
1349 4373 1444 4442 salu-

272 4500 358 4567 taris
369 4499 496 4588 populo
510 4503 545 4566 et
557 4518 764 4587 magnarum
777 4518 883 4567 causa
894 4499 1107 4568 laetitiarum
1119 4500 1187 4568 fuit
1196 4551 1203 4566 .
1213 4549 1221 4565 .
1232 4549 1238 4566 .
1251 4550 1258 4565 .
1272 4499 1308 4566 Si
1321 4518 1443 4567 verum
