3442 5175
708 1438 921 1448 0—-

228 1622 370 1682 Praefatio
386 1659 1329 1676 ......................
1385 1626 1397 1676 1

706 1825 869 1887 LIBIIR
888 1826 918 1887 Ι.

295 1990 342 2050 De
363 1985 645 2062 superstitionum
666 2003 753 2061 quae
774 2003 844 2049 non
866 1989 948 2048 sunt
967 1987 1330 2063 anthropomorphioao

414 2084 548 2165 origine
570 2087 672 2159 atque
693 2084 806 2147 indole
828 2085 918 2159 apud
938 2083 1056 2148 varias
1077 2088 1209 2164 gentes.

294 2257 317 2309 I.
336 2256 377 2308 De
395 2254 535 2308 animismi
554 2253 662 2306 ratione
681 2268 713 2306 ao
733 2256 833 2305 natura
852 2253 896 2321 (ὅ)
917 2255 998 2315 1-3)
1009 2290 1328 2307 ........
1384 2261 1400 2307 3

276 2345 315 2397 ΙΙ.
335 2345 375 2397 De
395 2342 481 2396 variis
500 2342 646 2396 sententiis
664 2342 699 2394 ad
718 2342 899 2395 letissismum
918 2341 1123 2409 pertinentibus
1143 2343 1168 2409 (5
1205 2344 1240 2408 ).
1278 2380 1284 2394 .
1322 2382 1329 2396 .
1384 2348 1400 2397 5

260 2433 315 2486 ΙΙΙ.
335 2432 376 2484 De
404 2431 555 2485 tolemismi
582 2432 691 2484 ratione
720 2435 747 2484 et
772 2431 888 2500 origine.
908 2431 982 2492 Quas
1002 2431 1143 2499 pantesia
1162 2431 1329 2500 religionum

333 2521 452 2574 historia
470 2521 558 2591 egerit
578 2521 621 2589 (ὅ)
642 2522 741 2588 5-12)
744 2558 1329 2573 ..............
1385 2523 1400 2572 7

265 2612 314 2664 IV.
334 2611 375 2663 De
394 2611 554 2679 arohetypis
573 2610 608 2662 ad
628 2625 696 2678 quos
706 2610 833 2678 singulae
843 2609 1007 2662 animalium
1017 2614 1044 2662 et
1055 2610 1214 2678 plantarum
1225 2611 1330 2678 speeies

333 2700 368 2752 ab
388 2699 504 2753 inoultis
523 2698 634 2766 populis
654 2698 754 2751 referri
764 2698 861 2751 solent.
873 2698 914 2751 De
924 2700 1088 2768 cognatione
1098 2700 1210 2753 deorum
1221 2700 1330 2768 generis

334 2787 485 2856 superioris
503 2803 566 2839 oum
586 2786 766 2839 daemonibus
784 2786 926 2839 inferioris
944 2787 1051 2840 ordinis
1069 2789 1112 2855 (ἓξ
1134 2789 1250 2854 13-17)
1278 2827 1284 2838 .
1322 2826 1328 2839 .
1367 2790 1400 2839 15

281 2878 316 2929 V.
336 2877 377 2929 De
394 2876 559 2929 animalium
578 2875 765 2928 venerationis
784 2875 876 2928 oannis
895 2875 1012 2929 diversis
1030 2877 1074 2943 (ἓξ
1094 2878 1239 2943 18-21).
1278 2914 1285 2927 .
1322 2913 1329 2927 .
1368 2879 1400 2927 18

264 2966 315 3017 VI.
334 2965 375 3017 De
393 2964 524 3017 arborum
542 2964 729 3017 venerationis
745 2964 836 3016 oausis
855 2964 973 3016 diversis
992 2961 1035 3034 (ᾗ)
1057 2966 1195 3031 22-25).
1232 3003 1239 3017 .
1277 3002 1284 3016 .
1322 3003 1328 3015 .
1367 2968 1400 3016 19

245 3054 313 3106 VII.
333 3053 374 3106 De
393 3053 519 3121 lapidum
538 3054 726 3107 venerationis
746 3054 836 3106 oausis
855 3053 974 3106 diversis
993 3054 1035 3119 (gg
1055 3055 1194 3119 26-34).
1233 3090 1240 3104 .
1278 3093 1284 3106 .
1323 3091 1330 3106 .
1366 3056 1400 3105 22

227 3143 312 3196 VIII.
333 3143 374 3196 De
393 3143 521 3210 stipitum
541 3143 634 3196 nultus
651 3141 761 3194 ratione
779 3157 811 3194 aa
832 3144 934 3193 natura
952 3142 978 3208 (ἓ
998 3143 1043 3208 35)
1057 3179 1329 3194 .......
1367 3145 1402 3193 30

705 3319 919 3331 ..ιιι-ιι*-

698 3493 860 3558 hinnu
880 3495 929 3557 Π.

227 3656 437 3732 Soriptorum
465 3660 498 3719 ot
522 3659 816 3719 monumentorum
837 3656 878 3717 de
900 3654 1202 3730 superstitionibus
1222 3672 1310 3730 quae
1331 3673 1401 3718 non

328 3758 409 3817 sunt
429 3753 793 3829 anthropomorphioae
815 3755 905 3829 apud
927 3754 1075 3819 (irueoos
1095 3753 1303 3816 testimonia.

228 3915 402 3969 Prooemium
421 3917 447 3982 (ξ
468 3918 497 3981 1)
516 3952 1329 3969 ...................
1366 3918 1400 3967 32

335 4040 368 4093 Α.
387 4052 426 4092 on
445 4051 581 4092 nnmnuu
601 4050 813 4091 vrrsnnuronn
833 4039 875 4106 (5g
895 4041 1003 4106 2-81).

295 4163 317 4214 I.
336 4162 376 4216 Do
404 4161 545 4231 lapidibus
573 4179 591 4215 a
618 4161 731 4216 Graeois
760 4166 904 4231 tamquam
933 4163 1046 4215 deorum
1075 4161 1187 4215 sedibus
1208 4163 1330 4215 adoratis

335 4253 376 4318 (ξς
396 4252 496 4318 2-39)
519 4289 1328 4305 ...................
1366 4255 1399 4303 36

337 4340 364 4405 a)
383 4339 424 4391 De
443 4339 518 4391 saxis
536 4339 652 4394 rudibus
672 4341 718 4408 (55
738 4343 819 4408 3—8)
832 4378 1328 4394 ............
1366 4341 1399 4391 37

336 4427 362 4494 b)
382 4427 423 4479 De
441 4427 516 4485 saxis
535 4427 735 4498 quadrangulis
754 4428 853 4482 ereotis
872 4430 898 4496 (ἕ
917 4431 947 4495 9)
966 4465 1328 4483 .........
1365 4431 1399 4481 39
