<?xml version="1.0" encoding="UTF-8"?>
<!DOCTYPE html PUBLIC "-//W3C//DTD XHTML 1.0 Transitional//EN"
    "http://www.w3.org/TR/xhtml1/DTD/xhtml1-transitional.dtd">
<html xmlns="http://www.w3.org/1999/xhtml" xml:lang="en" lang="en">
 <head>
  <title>
</title>
<meta http-equiv="Content-Type" content="text/html;charset=utf-8" />
  <meta name='ocr-system' content='tesseract 3.04.00' />
  <meta name='ocr-capabilities' content='ocr_page ocr_carea ocr_par ocr_line ocrx_word'/>
</head>
<body>
  <div class='ocr_page' id='page_1' title='image "./degraecorumdiis00vissgoog_0152.png"; bbox 0 0 3442 5175; ppageno 0'>
   <div class='ocr_carea' id='block_1_1' title="bbox 870 407 935 475">
    <p class='ocr_par' dir='ltr' id='par_1_1' title="bbox 870 407 935 475">
     <span class='ocr_line' id='line_1_1' title="bbox 870 407 935 475; baseline 0 0"><span class='ocrx_word' id='word_1_1' title='bbox 870 407 935 475; x_wconf 85' lang='grc'><strong>132</strong></span> 
     </span>
    </p>
   </div>
   <div class='ocr_carea' id='block_1_2' title="bbox 252 600 1701 819">
    <p class='ocr_par' dir='ltr' id='par_1_2' title="bbox 252 600 1701 819">
     <span class='ocr_line' id='line_1_2' title="bbox 361 600 978 693; baseline 0.005 -25"><span class='ocrx_word' id='word_1_2' title='bbox 361 601 378 690; x_wconf 79' lang='lat'><strong>§</strong></span> <span class='ocrx_word' id='word_1_3' title='bbox 401 600 477 669; x_wconf 85' lang='grc'><strong>221.</strong></span> <span class='ocrx_word' id='word_1_4' title='bbox 503 600 567 692; x_wconf 88' lang='grc'><strong>[7].</strong></span> <span class='ocrx_word' id='word_1_5' title='bbox 592 602 726 690; x_wconf 78' lang='lat' dir='ltr'>Argis</span> <span class='ocrx_word' id='word_1_6' title='bbox 753 605 978 693; x_wconf 80' lang='lat' dir='ltr'>(serpentes).</span> 
     </span>
     <span class='ocr_line' id='line_1_3' title="bbox 252 721 1701 819; baseline 0.003 -27"><span class='ocrx_word' id='word_1_7' title='bbox 252 753 254 757; x_wconf 89' lang='lat'>·</span> <span class='ocrx_word' id='word_1_8' title='bbox 361 725 495 793; x_wconf 79' lang='lat' dir='ltr'><strong>Aelian.</strong></span> <span class='ocrx_word' id='word_1_9' title='bbox 527 726 606 793; x_wconf 75' lang='lat' dir='ltr'>Nat.</span> <span class='ocrx_word' id='word_1_10' title='bbox 639 726 756 795; x_wconf 82' lang='lat' dir='ltr'><strong>Anim.</strong></span> <span class='ocrx_word' id='word_1_11' title='bbox 789 727 852 795; x_wconf 84' lang='lat' dir='ltr'><strong><em>XII</em></strong></span> <span class='ocrx_word' id='word_1_12' title='bbox 874 728 929 796; x_wconf 73' lang='lat'><strong><em>34.</em></strong></span> <span class='ocrx_word' id='word_1_13' title='bbox 952 736 1047 815; x_wconf 75' lang='grc' dir='ltr'><strong><em>Λέγει</em></strong></span> <span class='ocrx_word' id='word_1_14' title='bbox 1070 737 1104 798; x_wconf 81' lang='grc' dir='ltr'><strong><em>δὲ</em></strong></span> <span class='ocrx_word' id='word_1_15' title='bbox 1128 735 1308 819; x_wconf 76' lang='grc' dir='ltr'><strong><em>Κλέαρχος,</em></strong></span> <span class='ocrx_word' id='word_1_16' title='bbox 1334 739 1352 796; x_wconf 99' lang='lat'><em>6</em></span> <span class='ocrx_word' id='word_1_17' title='bbox 1375 737 1409 797; x_wconf 81' lang='grc' dir='ltr'><strong><em>ἐκ</em></strong></span> <span class='ocrx_word' id='word_1_18' title='bbox 1433 742 1488 797; x_wconf 81' lang='grc' dir='ltr'><strong><em>τοῦ</em></strong></span> <span class='ocrx_word' id='word_1_19' title='bbox 1694 721 1701 818; x_wconf 55' lang='lat' dir='ltr'>i</span> 
     </span>
    </p>
   </div>
   <div class='ocr_carea' id='block_1_3' title="bbox 316 855 1486 943">
    <p class='ocr_par' dir='ltr' id='par_1_3' title="bbox 316 855 1486 943">
     <span class='ocr_line' id='line_1_4' title="bbox 316 855 1486 943; baseline 0.001 -24"><span class='ocrx_word' id='word_1_20' title='bbox 316 861 500 941; x_wconf 73' lang='grc' dir='ltr'><em>περιπάτου,</em></span> <span class='ocrx_word' id='word_1_21' title='bbox 520 861 640 937; x_wconf 82' lang='grc' dir='ltr'><strong><em>μόνους</em></strong></span> <span class='ocrx_word' id='word_1_22' title='bbox 658 858 934 941; x_wconf 77' lang='grc' dir='ltr'><strong><em>Πελοποννησίων</em></strong></span> <span class='ocrx_word' id='word_1_23' title='bbox 957 860 1115 943; x_wconf 77' lang='grc' dir='ltr'><strong><em>Ἀργείους</em></strong></span> <span class='ocrx_word' id='word_1_24' title='bbox 1134 863 1210 940; x_wconf 86' lang='grc' dir='ltr'><strong><em>ὄφιν</em></strong></span> <span class='ocrx_word' id='word_1_25' title='bbox 1220 866 1267 939; x_wconf 78' lang='grc' dir='ltr'><strong><em>μὴ</em></strong></span> <span class='ocrx_word' id='word_1_26' title='bbox 1279 855 1486 922; x_wconf 86' lang='grc' dir='ltr'><strong><em>ἀποκτείνειν.</em></strong></span> 
     </span>
    </p>
   </div>
   <div class='ocr_carea' id='block_1_4' title="bbox 210 1098 1492 1563">
    <p class='ocr_par' dir='ltr' id='par_1_4' title="bbox 210 1098 1492 1563">
     <span class='ocr_line' id='line_1_5' title="bbox 361 1098 1393 1190; baseline 0.001 -23"><span class='ocrx_word' id='word_1_27' title='bbox 361 1099 379 1187; x_wconf 79' lang='lat'>§</span> <span class='ocrx_word' id='word_1_28' title='bbox 401 1098 477 1167; x_wconf 88' lang='grc'><strong>222.</strong></span> <span class='ocrx_word' id='word_1_29' title='bbox 503 1098 568 1190; x_wconf 86' lang='lat'><strong>[8].</strong></span> <span class='ocrx_word' id='word_1_30' title='bbox 590 1099 806 1168; x_wconf 81' lang='lat' dir='ltr'><strong>Troizene</strong></span> <span class='ocrx_word' id='word_1_31' title='bbox 830 1100 964 1190; x_wconf 81' lang='lat' dir='ltr'>(polypi</span> <span class='ocrx_word' id='word_1_32' title='bbox 987 1107 1022 1169; x_wconf 86' lang='lat' dir='ltr'><strong><em>et</em></strong></span> <span class='ocrx_word' id='word_1_33' title='bbox 1045 1100 1263 1188; x_wconf 84' lang='lat' dir='ltr'>testudines).</span> <span class='ocrx_word' id='word_1_34' title='bbox 1391 1132 1393 1134; x_wconf 50' lang='lat'>&gt;</span> 
     </span>
     <span class='ocr_line' id='line_1_6' title="bbox 225 1204 1492 1313; baseline -0.004 -17"><span class='ocrx_word' id='word_1_35' title='bbox 225 1286 234 1296; x_wconf 65' lang='grc'><strong>.</strong></span> <span class='ocrx_word' id='word_1_36' title='bbox 361 1225 489 1292; x_wconf 79' lang='lat' dir='ltr'><strong>Athen.</strong></span> <span class='ocrx_word' id='word_1_37' title='bbox 510 1224 573 1291; x_wconf 87' lang='lat' dir='ltr'><strong><em>VII</em></strong></span> <span class='ocrx_word' id='word_1_38' title='bbox 596 1222 670 1290; x_wconf 79' lang='grc'><strong>103.</strong></span> <span class='ocrx_word' id='word_1_39' title='bbox 695 1238 767 1313; x_wconf 87' lang='grc' dir='ltr'><strong><em>περί</em></strong></span> <span class='ocrx_word' id='word_1_40' title='bbox 787 1230 821 1291; x_wconf 79' lang='grc' dir='ltr'><strong><em>δὲ</em></strong></span> <span class='ocrx_word' id='word_1_41' title='bbox 843 1204 1003 1313; x_wconf 62' lang='grc' dir='ltr'><strong><em>Τροιζῆνα</em></strong></span> <span class='ocrx_word' id='word_1_42' title='bbox 1023 1237 1057 1293; x_wconf 91' lang='grc' dir='ltr'><strong>τὸ</strong></span> <span class='ocrx_word' id='word_1_43' title='bbox 1077 1231 1221 1293; x_wconf 91' lang='grc' dir='ltr'><strong><em>παλαιόν</em></strong></span> <span class='ocrx_word' id='word_1_44' title='bbox 1241 1252 1339 1312; x_wconf 91' lang='grc' dir='ltr'><strong><em>φησιν</em></strong></span> <span class='ocrx_word' id='word_1_45' title='bbox 1359 1233 1377 1290; x_wconf 98' lang='lat'><em>6</em></span> <span class='ocrx_word' id='word_1_46' title='bbox 1396 1234 1492 1303; x_wconf 85' lang='grc' dir='ltr'><strong><em>αύτύς</em></strong></span> 
     </span>
     <span class='ocr_line' id='line_1_7' title="bbox 316 1354 1489 1439; baseline 0 -23"><span class='ocrx_word' id='word_1_47' title='bbox 316 1354 488 1439; x_wconf 78' lang='grc' dir='ltr'><strong><em>Κλέαρχος</em></strong></span> <span class='ocrx_word' id='word_1_48' title='bbox 509 1357 580 1416; x_wconf 88' lang='grc' dir='ltr'><strong><em>ούτε</em></strong></span> <span class='ocrx_word' id='word_1_49' title='bbox 602 1359 656 1415; x_wconf 88' lang='grc' dir='ltr'><strong><em>τὸν</em></strong></span> <span class='ocrx_word' id='word_1_50' title='bbox 679 1358 766 1437; x_wconf 87' lang='grc' dir='ltr'><strong><em>ίερὸν</em></strong></span> <span class='ocrx_word' id='word_1_51' title='bbox 787 1355 992 1435; x_wconf 90' lang='grc' dir='ltr'><strong><em>καλούμενον</em></strong></span> <span class='ocrx_word' id='word_1_52' title='bbox 1012 1358 1203 1418; x_wconf 75' lang='grc' dir='ltr'><strong><em>πουλύπουν</em></strong></span> <span class='ocrx_word' id='word_1_53' title='bbox 1222 1358 1293 1416; x_wconf 87' lang='grc' dir='ltr'><strong><em>ούτε</em></strong></span> <span class='ocrx_word' id='word_1_54' title='bbox 1312 1360 1366 1416; x_wconf 83' lang='grc' dir='ltr'><strong><em>τὸν</em></strong></span> <span class='ocrx_word' id='word_1_55' title='bbox 1384 1378 1489 1436; x_wconf 89' lang='grc' dir='ltr'><strong><em>κωπη-</em></strong></span> 
     </span>
     <span class='ocr_line' id='line_1_8' title="bbox 210 1480 1489 1563; baseline -0.002 -21"><span class='ocrx_word' id='word_1_56' title='bbox 210 1496 214 1504; x_wconf 91' lang='grc'><em>“</em></span> <span class='ocrx_word' id='word_1_57' title='bbox 314 1482 417 1561; x_wconf 87' lang='grc' dir='ltr'><strong><em>λάτην</em></strong></span> <span class='ocrx_word' id='word_1_58' title='bbox 446 1481 637 1541; x_wconf 73' lang='grc' dir='ltr'><strong><em>πουλύπουν</em></strong></span> <span class='ocrx_word' id='word_1_59' title='bbox 666 1482 807 1558; x_wconf 84' lang='grc' dir='ltr'><strong><em>νόμιμον</em></strong></span> <span class='ocrx_word' id='word_1_60' title='bbox 837 1483 878 1558; x_wconf 74' lang='grc' dir='ltr'><strong><em>ἦν</em></strong></span> <span class='ocrx_word' id='word_1_61' title='bbox 907 1481 1068 1563; x_wconf 75' lang='grc' dir='ltr'><strong><em>θηρεύειν,</em></strong></span> <span class='ocrx_word' id='word_1_62' title='bbox 1102 1480 1180 1541; x_wconf 85' lang='grc' dir='ltr'><strong><em>ἀλλ’</em></strong></span> <span class='ocrx_word' id='word_1_63' title='bbox 1211 1484 1350 1541; x_wconf 76' lang='grc' dir='ltr'><strong><em>ἀπεῖπον</em></strong></span> <span class='ocrx_word' id='word_1_64' title='bbox 1374 1484 1489 1540; x_wconf 91' lang='grc' dir='ltr'><strong><em>τούτων</em></strong></span> 
     </span>
    </p>
   </div>
   <div class='ocr_carea' id='block_1_5' title="bbox 316 1604 1124 1684">
    <p class='ocr_par' dir='ltr' id='par_1_5' title="bbox 316 1604 1124 1684">
     <span class='ocr_line' id='line_1_9' title="bbox 316 1604 1124 1684; baseline -0.002 -17"><span class='ocrx_word' id='word_1_65' title='bbox 316 1629 347 1667; x_wconf 90' lang='grc' dir='ltr'><strong><em>τε</em></strong></span> <span class='ocrx_word' id='word_1_66' title='bbox 370 1613 424 1667; x_wconf 88' lang='grc' dir='ltr'><strong><em>καί</em></strong></span> <span class='ocrx_word' id='word_1_67' title='bbox 447 1612 499 1684; x_wconf 81' lang='grc' dir='ltr'><strong><em>τῆς</em></strong></span> <span class='ocrx_word' id='word_1_68' title='bbox 520 1605 699 1675; x_wconf 73' lang='grc' dir='ltr'><strong><em>θαλαττίας</em></strong></span> <span class='ocrx_word' id='word_1_69' title='bbox 720 1604 864 1683; x_wconf 84' lang='grc' dir='ltr'><strong><em>χελώνης</em></strong></span> <span class='ocrx_word' id='word_1_70' title='bbox 885 1609 931 1682; x_wconf 79' lang='grc' dir='ltr'><strong><em>μίγ</em></strong></span> <span class='ocrx_word' id='word_1_71' title='bbox 953 1605 1124 1666; x_wconf 81' lang='grc' dir='ltr'><strong><em>ἅπτεσθαι.</em></strong></span> 
     </span>
    </p>
   </div>
   <div class='ocr_carea' id='block_1_6' title="bbox 316 1844 1489 2925">
    <p class='ocr_par' dir='ltr' id='par_1_6' title="bbox 360 1844 941 1936">
     <span class='ocr_line' id='line_1_10' title="bbox 360 1844 941 1936; baseline -0.005 -22"><span class='ocrx_word' id='word_1_72' title='bbox 360 1849 379 1936; x_wconf 63' lang='lat'><strong>5</strong></span> <span class='ocrx_word' id='word_1_73' title='bbox 401 1845 477 1914; x_wconf 85' lang='grc'><strong>223.</strong></span> <span class='ocrx_word' id='word_1_74' title='bbox 504 1844 569 1935; x_wconf 85' lang='grc'><strong>[9].</strong></span> <span class='ocrx_word' id='word_1_75' title='bbox 593 1844 640 1912; x_wconf 89' lang='lat' dir='ltr'><strong><em>In</em></strong></span> <span class='ocrx_word' id='word_1_76' title='bbox 665 1844 797 1913; x_wconf 84' lang='lat' dir='ltr'>Creta</span> <span class='ocrx_word' id='word_1_77' title='bbox 822 1848 941 1930; x_wconf 84' lang='lat' dir='ltr'>(sues).</span> 
     </span>
    </p>

    <p class='ocr_par' dir='ltr' id='par_1_7' title="bbox 316 1968 1489 2925">
     <span class='ocr_line' id='line_1_11' title="bbox 362 1968 1489 2059; baseline -0.001 -21"><span class='ocrx_word' id='word_1_78' title='bbox 362 1971 489 2040; x_wconf 69' lang='lat' dir='ltr'><strong>Athen.</strong></span> <span class='ocrx_word' id='word_1_79' title='bbox 522 1970 570 2037; x_wconf 89' lang='lat' dir='ltr'><strong><em>IX</em></strong></span> <span class='ocrx_word' id='word_1_80' title='bbox 601 1968 655 2036; x_wconf 78' lang='grc'><strong><em>18.</em></strong></span> <span class='ocrx_word' id='word_1_81' title='bbox 686 1984 758 2057; x_wconf 88' lang='grc' dir='ltr'><strong><em>περί</em></strong></span> <span class='ocrx_word' id='word_1_82' title='bbox 790 1975 823 2036; x_wconf 81' lang='grc' dir='ltr'><strong><em>δὲ</em></strong></span> <span class='ocrx_word' id='word_1_83' title='bbox 853 1979 930 2052; x_wconf 84' lang='grc' dir='ltr'><strong><em>ύῶν,</em></strong></span> <span class='ocrx_word' id='word_1_84' title='bbox 962 1979 1008 2036; x_wconf 85' lang='grc' dir='ltr'><strong><em>ὅτι</em></strong></span> <span class='ocrx_word' id='word_1_85' title='bbox 1037 1979 1124 2059; x_wconf 88' lang='grc' dir='ltr'><strong><em>ίερύν</em></strong></span> <span class='ocrx_word' id='word_1_86' title='bbox 1146 1977 1210 2037; x_wconf 77' lang='grc' dir='ltr'><strong><em>ἐστι</em></strong></span> <span class='ocrx_word' id='word_1_87' title='bbox 1235 1980 1269 2037; x_wconf 92' lang='grc' dir='ltr'><strong>τὸ</strong></span> <span class='ocrx_word' id='word_1_88' title='bbox 1291 1977 1377 2055; x_wconf 84' lang='grc' dir='ltr'><strong><em>ζῷον</em></strong></span> <span class='ocrx_word' id='word_1_89' title='bbox 1400 1982 1489 2059; x_wconf 83' lang='grc' dir='ltr'><strong><em>παρὰ</em></strong></span> 
     </span>
     <span class='ocr_line' id='line_1_12' title="bbox 317 2098 1489 2184; baseline 0 -22"><span class='ocrx_word' id='word_1_90' title='bbox 317 2101 451 2184; x_wconf 88' lang='grc' dir='ltr'><strong><em>Κρησίν,</em></strong></span> <span class='ocrx_word' id='word_1_91' title='bbox 481 2100 681 2179; x_wconf 75' lang='grc' dir='ltr'><strong><em>Ἀγαθοκλῆς</em></strong></span> <span class='ocrx_word' id='word_1_92' title='bbox 701 2102 718 2160; x_wconf 90' lang='lat'><em>6</em></span> <span class='ocrx_word' id='word_1_93' title='bbox 738 2098 952 2178; x_wconf 79' lang='grc' dir='ltr'><strong><em>Βαβυλώνιος</em></strong></span> <span class='ocrx_word' id='word_1_94' title='bbox 970 2101 1005 2159; x_wconf 79' lang='grc' dir='ltr'><strong><em>ἐν</em></strong></span> <span class='ocrx_word' id='word_1_95' title='bbox 1019 2103 1131 2182; x_wconf 83' lang='grc' dir='ltr'><strong><em>πρώτῳ</em></strong></span> <span class='ocrx_word' id='word_1_96' title='bbox 1150 2106 1222 2181; x_wconf 90' lang='grc' dir='ltr'><strong><em>περί</em></strong></span> <span class='ocrx_word' id='word_1_97' title='bbox 1234 2098 1379 2173; x_wconf 84' lang='grc' dir='ltr'><strong><em>Κυζίκου</em></strong></span> <span class='ocrx_word' id='word_1_98' title='bbox 1392 2107 1489 2181; x_wconf 88' lang='grc' dir='ltr'><strong><em>φησίν</em></strong></span> 
     </span>
     <span class='ocr_line' id='line_1_13' title="bbox 317 2220 1489 2305; baseline -0.001 -21"><span class='ocrx_word' id='word_1_99' title='bbox 317 2227 422 2295; x_wconf 80' lang='grc' dir='ltr'><strong><em>οὕτως·</em></strong></span> <span class='ocrx_word' id='word_1_100' title='bbox 455 2225 656 2302; x_wconf 81' lang='grc' dir='ltr'><strong><em>μυθεύουσιν</em></strong></span> <span class='ocrx_word' id='word_1_101' title='bbox 685 2225 720 2282; x_wconf 80' lang='grc' dir='ltr'><strong><em>ἐν</em></strong></span> <span class='ocrx_word' id='word_1_102' title='bbox 751 2221 860 2305; x_wconf 82' lang='grc' dir='ltr'><strong><em>Κρήτη</em></strong></span> <span class='ocrx_word' id='word_1_103' title='bbox 891 2223 1044 2301; x_wconf 79' lang='grc' dir='ltr'><strong><em>γενέσθαι</em></strong></span> <span class='ocrx_word' id='word_1_104' title='bbox 1074 2228 1129 2300; x_wconf 81' lang='grc' dir='ltr'><strong><em>τὴν</em></strong></span> <span class='ocrx_word' id='word_1_105' title='bbox 1159 2220 1231 2295; x_wconf 83' lang='grc' dir='ltr'><strong><em>Διὸς</em></strong></span> <span class='ocrx_word' id='word_1_106' title='bbox 1260 2224 1410 2285; x_wconf 76' lang='grc' dir='ltr'><strong><em>τέκνωσιν</em></strong></span> <span class='ocrx_word' id='word_1_107' title='bbox 1436 2225 1489 2283; x_wconf 77' lang='grc' dir='ltr'><strong><em>ἐπί</em></strong></span> 
     </span>
     <span class='ocr_line' id='line_1_14' title="bbox 316 2344 1489 2430; baseline 0.001 -24"><span class='ocrx_word' id='word_1_108' title='bbox 316 2353 368 2425; x_wconf 82' lang='grc' dir='ltr'><strong><em>τῆς</em></strong></span> <span class='ocrx_word' id='word_1_109' title='bbox 399 2344 515 2427; x_wconf 79' lang='grc' dir='ltr'><strong><em>Δίκτης,</em></strong></span> <span class='ocrx_word' id='word_1_110' title='bbox 546 2347 582 2407; x_wconf 77' lang='grc' dir='ltr'><strong><em>ἐν</em></strong></span> <span class='ocrx_word' id='word_1_111' title='bbox 612 2351 633 2427; x_wconf 74' lang='grc' dir='ltr'><strong><em>γ’]</em></strong></span> <span class='ocrx_word' id='word_1_112' title='bbox 659 2352 714 2407; x_wconf 91' lang='grc' dir='ltr'><strong><em>καί</em></strong></span> <span class='ocrx_word' id='word_1_113' title='bbox 738 2348 914 2427; x_wconf 76' lang='grc' dir='ltr'><strong><em>ἀπόρρητος</em></strong></span> <span class='ocrx_word' id='word_1_114' title='bbox 938 2350 1056 2425; x_wconf 86' lang='grc' dir='ltr'><strong><em>γίνεται</em></strong></span> <span class='ocrx_word' id='word_1_115' title='bbox 1078 2347 1190 2406; x_wconf 87' lang='grc' dir='ltr'><strong><em>θυσία·</em></strong></span> <span class='ocrx_word' id='word_1_116' title='bbox 1215 2347 1341 2425; x_wconf 74' lang='grc' dir='ltr'><strong><em>λέγεται</em></strong></span> <span class='ocrx_word' id='word_1_117' title='bbox 1364 2352 1426 2430; x_wconf 88' lang='grc' dir='ltr'><strong><em>γὰρ</em></strong></span> <span class='ocrx_word' id='word_1_118' title='bbox 1447 2350 1489 2419; x_wconf 86' lang='grc' dir='ltr'><strong><em>ὡς</em></strong></span> 
     </span>
     <span class='ocr_line' id='line_1_15' title="bbox 316 2470 1489 2554; baseline 0.002 -24"><span class='ocrx_word' id='word_1_119' title='bbox 316 2473 381 2554; x_wconf 83' lang='grc' dir='ltr'><strong><em>ἀρα</em></strong></span> <span class='ocrx_word' id='word_1_120' title='bbox 405 2470 453 2532; x_wconf 89' lang='grc' dir='ltr'><strong><em>Διί</em></strong></span> <span class='ocrx_word' id='word_1_121' title='bbox 473 2472 584 2551; x_wconf 79' lang='grc' dir='ltr'><strong><em>θηλὴν</em></strong></span> <span class='ocrx_word' id='word_1_122' title='bbox 607 2472 745 2551; x_wconf 79' lang='grc' dir='ltr'><strong><em>ύπέσχεν</em></strong></span> <span class='ocrx_word' id='word_1_123' title='bbox 768 2474 805 2543; x_wconf 84' lang='grc' dir='ltr'><strong><em>ύς</em></strong></span> <span class='ocrx_word' id='word_1_124' title='bbox 821 2477 877 2530; x_wconf 90' lang='grc' dir='ltr'><strong><em>καί</em></strong></span> <span class='ocrx_word' id='word_1_125' title='bbox 897 2473 938 2547; x_wconf 85' lang='grc' dir='ltr'><strong><em>τῷ</em></strong></span> <span class='ocrx_word' id='word_1_126' title='bbox 958 2470 1095 2552; x_wconf 78' lang='grc' dir='ltr'><strong><em>σφετέρῳ</em></strong></span> <span class='ocrx_word' id='word_1_127' title='bbox 1113 2476 1243 2552; x_wconf 79' lang='grc' dir='ltr'><strong><em>γρυσμῷ</em></strong></span> <span class='ocrx_word' id='word_1_128' title='bbox 1262 2476 1489 2553; x_wconf 83' lang='grc' dir='ltr'><strong><em>περιοιχνεῦσα</em></strong></span> 
     </span>
     <span class='ocr_line' id='line_1_16' title="bbox 317 2596 1488 2678; baseline 0 -21"><span class='ocrx_word' id='word_1_129' title='bbox 317 2600 371 2657; x_wconf 85' lang='grc' dir='ltr'><strong><em>τὸν</em></strong></span> <span class='ocrx_word' id='word_1_130' title='bbox 399 2596 589 2677; x_wconf 82' lang='grc' dir='ltr'><strong><em>κνυζηθμὸν</em></strong></span> <span class='ocrx_word' id='word_1_131' title='bbox 619 2601 673 2657; x_wconf 86' lang='grc' dir='ltr'><strong><em>τού</em></strong></span> <span class='ocrx_word' id='word_1_132' title='bbox 700 2596 836 2677; x_wconf 77' lang='grc' dir='ltr'><strong><em>βρέφεος</em></strong></span> <span class='ocrx_word' id='word_1_133' title='bbox 867 2596 1060 2655; x_wconf 82' lang='grc' dir='ltr'><strong><em>ἀνεπάῖστον</em></strong></span> <span class='ocrx_word' id='word_1_134' title='bbox 1091 2601 1154 2667; x_wconf 89' lang='grc' dir='ltr'><strong><em>τοῖς</em></strong></span> <span class='ocrx_word' id='word_1_135' title='bbox 1183 2601 1356 2678; x_wconf 82' lang='grc' dir='ltr'><strong><em>παριοῦσιν</em></strong></span> <span class='ocrx_word' id='word_1_136' title='bbox 1378 2598 1488 2670; x_wconf 80' lang='grc' dir='ltr'><strong><em>ἐτίθει,</em></strong></span> 
     </span>
     <span class='ocr_line' id='line_1_17' title="bbox 316 2719 1489 2800; baseline 0 -21"><span class='ocrx_word' id='word_1_137' title='bbox 316 2719 367 2781; x_wconf 84' lang='grc' dir='ltr'><strong><em>ὅτὸ</em></strong></span> <span class='ocrx_word' id='word_1_138' title='bbox 389 2722 503 2792; x_wconf 80' lang='grc' dir='ltr'><strong><em>πάντες</em></strong></span> <span class='ocrx_word' id='word_1_139' title='bbox 525 2724 560 2780; x_wconf 88' lang='grc' dir='ltr'><strong><em>τὸ</em></strong></span> <span class='ocrx_word' id='word_1_140' title='bbox 583 2719 668 2798; x_wconf 85' lang='grc' dir='ltr'><strong><em>ζῷον</em></strong></span> <span class='ocrx_word' id='word_1_141' title='bbox 690 2724 780 2780; x_wconf 83' lang='grc' dir='ltr'><strong><em>τούτο</em></strong></span> <span class='ocrx_word' id='word_1_142' title='bbox 803 2721 993 2800; x_wconf 90' lang='grc' dir='ltr'><strong><em>περίσεπτον</em></strong></span> <span class='ocrx_word' id='word_1_143' title='bbox 1016 2721 1175 2796; x_wconf 82' lang='grc' dir='ltr'><strong><em>ἡγούνται·</em></strong></span> <span class='ocrx_word' id='word_1_144' title='bbox 1197 2724 1252 2778; x_wconf 90' lang='grc' dir='ltr'><strong><em>καί</em></strong></span> <span class='ocrx_word' id='word_1_145' title='bbox 1271 2721 1311 2778; x_wconf 89' lang='grc' dir='ltr'><strong><em>ού</em></strong></span> <span class='ocrx_word' id='word_1_146' title='bbox 1330 2740 1407 2799; x_wconf 94' lang='grc' dir='ltr'><strong><em>φησι</em></strong></span> <span class='ocrx_word' id='word_1_147' title='bbox 1427 2725 1489 2779; x_wconf 87' lang='grc' dir='ltr'><strong><em>τῶν</em></strong></span> 
     </span>
     <span class='ocr_line' id='line_1_18' title="bbox 316 2841 1489 2925; baseline -0.001 -22"><span class='ocrx_word' id='word_1_148' title='bbox 316 2849 417 2924; x_wconf 87' lang='grc' dir='ltr'><strong><em>κρεῶν</em></strong></span> <span class='ocrx_word' id='word_1_149' title='bbox 446 2844 621 2905; x_wconf 81' lang='grc' dir='ltr'><strong><em>δαίσαιντο·</em></strong></span> <span class='ocrx_word' id='word_1_150' title='bbox 651 2841 807 2925; x_wconf 92' lang='grc' dir='ltr'><strong><em>Πραίσιοι</em></strong></span> <span class='ocrx_word' id='word_1_151' title='bbox 838 2841 873 2902; x_wconf 77' lang='grc' dir='ltr'><strong><em>δὲ</em></strong></span> <span class='ocrx_word' id='word_1_152' title='bbox 903 2849 958 2903; x_wconf 90' lang='grc' dir='ltr'><strong><em>καί</em></strong></span> <span class='ocrx_word' id='word_1_153' title='bbox 989 2846 1060 2924; x_wconf 88' lang='grc' dir='ltr'><strong><em>ίερὰ</em></strong></span> <span class='ocrx_word' id='word_1_154' title='bbox 1090 2842 1239 2922; x_wconf 78' lang='grc' dir='ltr'><strong><em>ῥέζουσιν</em></strong></span> <span class='ocrx_word' id='word_1_155' title='bbox 1265 2846 1306 2903; x_wconf 86' lang='grc' dir='ltr'><strong><em>ύί·</em></strong></span> <span class='ocrx_word' id='word_1_156' title='bbox 1332 2851 1387 2904; x_wconf 85' lang='grc' dir='ltr'><strong><em>καί</em></strong></span> <span class='ocrx_word' id='word_1_157' title='bbox 1410 2847 1489 2921; x_wconf 83' lang='grc' dir='ltr'><strong><em>αύτὴ</em></strong></span> 
     </span>
    </p>
   </div>
   <div class='ocr_carea' id='block_1_7' title="bbox 316 2968 1111 3171">
    <p class='ocr_par' dir='ltr' id='par_1_8' title="bbox 316 2968 1111 3171">
     <span class='ocr_line' id='line_1_19' title="bbox 316 2968 920 3049; baseline -0.003 -22"><span class='ocrx_word' id='word_1_158' title='bbox 316 2968 470 3049; x_wconf 79' lang='grc' dir='ltr'><strong><em>προτελὴς</em></strong></span> <span class='ocrx_word' id='word_1_159' title='bbox 493 2970 600 3040; x_wconf 80' lang='grc' dir='ltr'><strong><em>αὐτοῖς</em></strong></span> <span class='ocrx_word' id='word_1_160' title='bbox 620 2970 641 3045; x_wconf 79' lang='grc' dir='ltr'><em>ἡ</em></span> <span class='ocrx_word' id='word_1_161' title='bbox 664 2968 767 3027; x_wconf 93' lang='grc' dir='ltr'><strong><em>θυσία</em></strong></span> <span class='ocrx_word' id='word_1_162' title='bbox 791 2969 920 3045; x_wconf 88' lang='grc' dir='ltr'><strong><em>γίνεται.</em></strong></span> 
     </span>
     <span class='ocr_line' id='line_1_20' title="bbox 362 3082 1111 3171; baseline -0.001 -21"><span class='ocrx_word' id='word_1_163' title='bbox 362 3083 412 3151; x_wconf 81' lang='lat' dir='ltr'><strong><em>Cf.</em></strong></span> <span class='ocrx_word' id='word_1_164' title='bbox 437 3083 527 3151; x_wconf 71' lang='lat'>0001&lt;</span> <span class='ocrx_word' id='word_1_165' title='bbox 552 3083 618 3150; x_wconf 80' lang='grc'><strong>152</strong></span> <span class='ocrx_word' id='word_1_166' title='bbox 644 3083 719 3171; x_wconf 75' lang='lat' dir='ltr'>(the</span> <span class='ocrx_word' id='word_1_167' title='bbox 743 3082 815 3150; x_wconf 80' lang='lat' dir='ltr'><strong>cult</strong></span> <span class='ocrx_word' id='word_1_168' title='bbox 838 3082 876 3149; x_wconf 77' lang='lat'><strong><em>01&#39;</em></strong></span> <span class='ocrx_word' id='word_1_169' title='bbox 893 3082 954 3149; x_wconf 78' lang='lat' dir='ltr'><strong><em>the</em></strong></span> <span class='ocrx_word' id='word_1_170' title='bbox 977 3083 1111 3170; x_wconf 79' lang='lat' dir='ltr'>swine).</span> 
     </span>
    </p>
   </div>
   <div class='ocr_carea' id='block_1_8' title="bbox 280 3328 1490 3792">
    <p class='ocr_par' dir='ltr' id='par_1_9' title="bbox 280 3328 1490 3792">
     <span class='ocr_line' id='line_1_21' title="bbox 362 3328 1168 3421; baseline 0.002 -24"><span class='ocrx_word' id='word_1_171' title='bbox 362 3328 478 3419; x_wconf 63' lang='lat'><strong><em>§224</em></strong></span> <span class='ocrx_word' id='word_1_172' title='bbox 505 3328 590 3421; x_wconf 85' lang='lat'><strong>[10].</strong></span> <span class='ocrx_word' id='word_1_173' title='bbox 616 3331 663 3397; x_wconf 86' lang='lat' dir='ltr'><strong><em>In</em></strong></span> <span class='ocrx_word' id='word_1_174' title='bbox 691 3330 925 3399; x_wconf 80' lang='lat' dir='ltr'>Thessalia</span> <span class='ocrx_word' id='word_1_175' title='bbox 949 3333 1168 3418; x_wconf 81' lang='lat' dir='ltr'>(serpentes).</span> 
     </span>
     <span class='ocr_line' id='line_1_22' title="bbox 363 3451 1490 3544; baseline 0.002 -23"><span class='ocrx_word' id='word_1_176' title='bbox 363 3454 507 3522; x_wconf 77' lang='lat' dir='ltr'>Aristot.</span> <span class='ocrx_word' id='word_1_177' title='bbox 543 3455 639 3522; x_wconf 62' lang='lat' dir='ltr'><strong><em>Min·</em></strong></span> <span class='ocrx_word' id='word_1_178' title='bbox 656 3451 760 3522; x_wconf 63' lang='grc' dir='ltr'><strong><em>Αυὲο.</em></strong></span> <span class='ocrx_word' id='word_1_179' title='bbox 795 3453 871 3521; x_wconf 74' lang='grc'><strong>162.</strong></span> <span class='ocrx_word' id='word_1_180' title='bbox 906 3457 966 3521; x_wconf 86' lang='grc' dir='ltr'><strong><em>Ἐν</em></strong></span> <span class='ocrx_word' id='word_1_181' title='bbox 1001 3458 1165 3542; x_wconf 78' lang='grc' dir='ltr'><strong><em>Θεσσαλίᾳ</em></strong></span> <span class='ocrx_word' id='word_1_182' title='bbox 1200 3467 1280 3540; x_wconf 89' lang='grc' dir='ltr'><strong><em>φασί</em></strong></span> <span class='ocrx_word' id='word_1_183' title='bbox 1315 3465 1369 3521; x_wconf 87' lang='grc' dir='ltr'><strong><em>τὸν</em></strong></span> <span class='ocrx_word' id='word_1_184' title='bbox 1402 3465 1490 3544; x_wconf 85' lang='grc' dir='ltr'><strong><em>ίερὸν</em></strong></span> 
     </span>
     <span class='ocr_line' id='line_1_23' title="bbox 316 3583 1490 3665; baseline -0.003 -18"><span class='ocrx_word' id='word_1_185' title='bbox 316 3587 520 3664; x_wconf 89' lang='grc' dir='ltr'><strong><em>καλούμενον</em></strong></span> <span class='ocrx_word' id='word_1_186' title='bbox 550 3588 626 3664; x_wconf 84' lang='grc' dir='ltr'><strong><em>ὄφιν</em></strong></span> <span class='ocrx_word' id='word_1_187' title='bbox 655 3588 776 3658; x_wconf 84' lang='grc' dir='ltr'><strong><em>πάντας</em></strong></span> <span class='ocrx_word' id='word_1_188' title='bbox 799 3584 988 3659; x_wconf 78' lang='grc' dir='ltr'><strong><em>ἀπολλύειν,</em></strong></span> <span class='ocrx_word' id='word_1_189' title='bbox 1014 3588 1052 3644; x_wconf 89' lang='grc' dir='ltr'><strong><em>ού</em></strong></span> <span class='ocrx_word' id='word_1_190' title='bbox 1075 3587 1178 3663; x_wconf 84' lang='grc' dir='ltr'><strong><em>μόνον</em></strong></span> <span class='ocrx_word' id='word_1_191' title='bbox 1201 3586 1259 3644; x_wconf 79' lang='grc' dir='ltr'><strong><em>ἐὰν</em></strong></span> <span class='ocrx_word' id='word_1_192' title='bbox 1281 3583 1372 3665; x_wconf 83' lang='grc' dir='ltr'><strong><em>ὅοίκη,</em></strong></span> <span class='ocrx_word' id='word_1_193' title='bbox 1399 3585 1490 3644; x_wconf 86' lang='grc' dir='ltr'><strong><em>ἀλλὰ</em></strong></span> 
     </span>
     <span class='ocr_line' id='line_1_24' title="bbox 280 3708 1490 3792; baseline -0.002 -21"><span class='ocrx_word' id='word_1_194' title='bbox 280 3776 281 3779; x_wconf 11' lang='lat'>¹</span> <span class='ocrx_word' id='word_1_195' title='bbox 317 3717 371 3771; x_wconf 89' lang='grc' dir='ltr'><strong><em>καί</em></strong></span> <span class='ocrx_word' id='word_1_196' title='bbox 405 3712 463 3772; x_wconf 80' lang='grc' dir='ltr'><strong><em>ἐὰν</em></strong></span> <span class='ocrx_word' id='word_1_197' title='bbox 495 3711 582 3792; x_wconf 80' lang='grc' dir='ltr'><strong><em>θίγῃ.</em></strong></span> <span class='ocrx_word' id='word_1_198' title='bbox 619 3708 668 3771; x_wconf 85' lang='grc' dir='ltr'><strong><em>ὅιὸ</em></strong></span> <span class='ocrx_word' id='word_1_199' title='bbox 702 3716 757 3770; x_wconf 89' lang='grc' dir='ltr'><strong><em>καί</em></strong></span> <span class='ocrx_word' id='word_1_200' title='bbox 792 3712 869 3770; x_wconf 85' lang='grc' dir='ltr'><strong><em>ὅταν</em></strong></span> <span class='ocrx_word' id='word_1_201' title='bbox 903 3714 999 3789; x_wconf 75' lang='grc' dir='ltr'><strong><em>φανῇ,</em></strong></span> <span class='ocrx_word' id='word_1_202' title='bbox 1031 3714 1085 3768; x_wconf 89' lang='grc' dir='ltr'><strong><em>καί</em></strong></span> <span class='ocrx_word' id='word_1_203' title='bbox 1115 3712 1170 3785; x_wconf 84' lang='grc' dir='ltr'><strong><em>τίγν</em></strong></span> <span class='ocrx_word' id='word_1_204' title='bbox 1192 3713 1302 3787; x_wconf 81' lang='grc' dir='ltr'><strong><em>φωνην</em></strong></span> <span class='ocrx_word' id='word_1_205' title='bbox 1326 3711 1490 3769; x_wconf 86' lang='grc' dir='ltr'><strong><em>ἀκούσωσι</em></strong></span> 
     </span>
    </p>
   </div>
   <div class='ocr_carea' id='block_1_9' title="bbox 191 3831 1488 4052">
    <p class='ocr_par' dir='ltr' id='par_1_10' title="bbox 191 3831 1488 4052">
     <span class='ocr_line' id='line_1_25' title="bbox 318 3831 1488 3913; baseline -0.003 -19"><span class='ocrx_word' id='word_1_206' title='bbox 318 3835 476 3913; x_wconf 85' lang='grc' dir='ltr'><strong><em>(φαίνεται</em></strong></span> <span class='ocrx_word' id='word_1_207' title='bbox 507 3834 541 3894; x_wconf 76' lang='grc' dir='ltr'><strong><em>δὲ</em></strong></span> <span class='ocrx_word' id='word_1_208' title='bbox 571 3831 735 3909; x_wconf 80' lang='grc' dir='ltr'><strong><em>σπανίως),</em></strong></span> <span class='ocrx_word' id='word_1_209' title='bbox 763 3836 916 3913; x_wconf 86' lang='grc' dir='ltr'><strong><em>φεύγουσι</em></strong></span> <span class='ocrx_word' id='word_1_210' title='bbox 938 3838 993 3894; x_wconf 88' lang='grc' dir='ltr'><strong><em>καί</em></strong></span> <span class='ocrx_word' id='word_1_211' title='bbox 1018 3835 1048 3892; x_wconf 89' lang='grc' dir='ltr'><strong><em>οί</em></strong></span> <span class='ocrx_word' id='word_1_212' title='bbox 1072 3833 1161 3909; x_wconf 83' lang='grc' dir='ltr'><strong><em>ὄφεις</em></strong></span> <span class='ocrx_word' id='word_1_213' title='bbox 1183 3837 1237 3891; x_wconf 91' lang='grc' dir='ltr'><strong><em>καί</em></strong></span> <span class='ocrx_word' id='word_1_214' title='bbox 1260 3835 1291 3891; x_wconf 89' lang='grc' dir='ltr'><strong><em>οί</em></strong></span> <span class='ocrx_word' id='word_1_215' title='bbox 1315 3832 1407 3911; x_wconf 83' lang='grc' dir='ltr'><strong><em>ἔχεις,</em></strong></span> <span class='ocrx_word' id='word_1_216' title='bbox 1432 3837 1488 3892; x_wconf 84' lang='grc' dir='ltr'><strong><em>καί</em></strong></span> 
     </span>
     <span class='ocr_line' id='line_1_26' title="bbox 191 3954 689 4052; baseline 0 -34"><span class='ocrx_word' id='word_1_217' title='bbox 191 4044 194 4052; x_wconf 30' lang='grc' dir='ltr'>Ι</span> <span class='ocrx_word' id='word_1_218' title='bbox 318 3954 435 4020; x_wconf 87' lang='grc' dir='ltr'><strong><em>τ’ἀλλα</em></strong></span> <span class='ocrx_word' id='word_1_219' title='bbox 454 3960 559 4020; x_wconf 84' lang='grc' dir='ltr'><strong><em>πάντα</em></strong></span> <span class='ocrx_word' id='word_1_220' title='bbox 578 3958 689 4039; x_wconf 87' lang='grc' dir='ltr'><strong><em>θηρία.</em></strong></span> 
     </span>
    </p>
   </div>
   <div class='ocr_carea' id='block_1_10' title="bbox 363 4196 1490 4408">
    <p class='ocr_par' dir='ltr' id='par_1_11' title="bbox 363 4196 1490 4408">
     <span class='ocr_line' id='line_1_27' title="bbox 363 4196 940 4288; baseline -0.009 -22"><span class='ocrx_word' id='word_1_221' title='bbox 363 4199 380 4286; x_wconf 53' lang='grc' dir='ltr'><strong><em>,ξ</em></strong></span> <span class='ocrx_word' id='word_1_222' title='bbox 403 4198 479 4266; x_wconf 87' lang='grc'><strong>225.</strong></span> <span class='ocrx_word' id='word_1_223' title='bbox 505 4197 591 4288; x_wconf 78' lang='grc'><strong>[11].</strong></span> <span class='ocrx_word' id='word_1_224' title='bbox 616 4197 801 4286; x_wconf 85' lang='lat' dir='ltr'>Delphis</span> <span class='ocrx_word' id='word_1_225' title='bbox 826 4196 940 4285; x_wconf 85' lang='lat' dir='ltr'><strong>(lupi).</strong></span> 
     </span>
     <span class='ocr_line' id='line_1_28' title="bbox 364 4311 1490 4408; baseline -0.003 -19"><span class='ocrx_word' id='word_1_226' title='bbox 364 4322 496 4392; x_wconf 78' lang='lat' dir='ltr'>Aelian.</span> <span class='ocrx_word' id='word_1_227' title='bbox 528 4323 606 4389; x_wconf 83' lang='lat' dir='ltr'><strong>Nat.</strong></span> <span class='ocrx_word' id='word_1_228' title='bbox 640 4321 756 4388; x_wconf 84' lang='lat' dir='ltr'><strong>Anim.</strong></span> <span class='ocrx_word' id='word_1_229' title='bbox 788 4319 854 4386; x_wconf 88' lang='lat' dir='ltr'><strong><em>XII</em></strong></span> <span class='ocrx_word' id='word_1_230' title='bbox 885 4319 939 4386; x_wconf 74' lang='grc' dir='ltr'><strong><em>[ιθ.</em></strong></span> <span class='ocrx_word' id='word_1_231' title='bbox 972 4311 1160 4404; x_wconf 74' lang='grc' dir='ltr'><strong><em>Τιμῶσιύὲ</em></strong></span> <span class='ocrx_word' id='word_1_232' title='bbox 1190 4327 1254 4408; x_wconf 80' lang='grc' dir='ltr'><strong><em>ἄρα</em></strong></span> <span class='ocrx_word' id='word_1_233' title='bbox 1286 4322 1404 4403; x_wconf 81' lang='grc' dir='ltr'><strong><em>Δελφοί</em></strong></span> <span class='ocrx_word' id='word_1_234' title='bbox 1427 4326 1490 4404; x_wconf 74' lang='grc' dir='ltr'><strong><em>μὲν</em></strong></span> 
     </span>
    </p>
   </div>
   <div class='ocr_carea' id='block_1_11' title="bbox 316 4447 1491 4535">
    <p class='ocr_par' dir='ltr' id='par_1_12' title="bbox 316 4447 1491 4535">
     <span class='ocr_line' id='line_1_29' title="bbox 316 4447 1491 4535; baseline -0.004 -19"><span class='ocrx_word' id='word_1_235' title='bbox 316 4453 427 4530; x_wconf 89' lang='grc' dir='ltr'><strong><em>λύκον,</em></strong></span> <span class='ocrx_word' id='word_1_236' title='bbox 458 4451 580 4533; x_wconf 83' lang='grc' dir='ltr'><strong><em>Σάμιοι</em></strong></span> <span class='ocrx_word' id='word_1_237' title='bbox 604 4452 638 4513; x_wconf 73' lang='grc' dir='ltr'><strong><em>δὲ</em></strong></span> <span class='ocrx_word' id='word_1_238' title='bbox 660 4454 832 4535; x_wconf 74' lang='grc' dir='ltr'><strong><em>πρόβατον,</em></strong></span> <span class='ocrx_word' id='word_1_239' title='bbox 857 4447 1097 4533; x_wconf 86' lang='grc' dir='ltr'><strong><em>Ἀμπρακιῶταί</em></strong></span> <span class='ocrx_word' id='word_1_240' title='bbox 1120 4471 1154 4528; x_wconf 93' lang='grc' dir='ltr'><strong><em>γε</em></strong></span> <span class='ocrx_word' id='word_1_241' title='bbox 1176 4455 1242 4528; x_wconf 79' lang='grc' dir='ltr'><strong><em>μὴν</em></strong></span> <span class='ocrx_word' id='word_1_242' title='bbox 1266 4454 1299 4511; x_wconf 87' lang='grc' dir='ltr'><strong><em>τὸ</em></strong></span> <span class='ocrx_word' id='word_1_243' title='bbox 1324 4450 1409 4527; x_wconf 84' lang='grc' dir='ltr'><strong><em>ζῷον</em></strong></span> <span class='ocrx_word' id='word_1_244' title='bbox 1432 4455 1491 4528; x_wconf 80' lang='grc' dir='ltr'><strong><em>την</em></strong></span> 
     </span>
    </p>
   </div>
   <div class='ocr_carea' id='block_1_12' title="bbox 0 0 1727 5175">
    <p class='ocr_par' dir='ltr' id='par_1_13' title="bbox 0 0 1727 5175">
     <span class='ocr_line' id='line_1_30' title="bbox 0 0 1727 5175; baseline 0 0"><span class='ocrx_word' id='word_1_245' title='bbox 0 0 1727 5175; x_wconf 95' lang='lat' dir='ltr'><strong><em> </em></strong></span> 
     </span>
    </p>
   </div>
  </div>
 </body>
</html>
