3442 5175
924 406 990 474 242

423 602 463 670 Α.
488 602 540 671 Dr
563 619 671 670 paruo
694 619 835 669 sunaus
858 600 1200 690 1n5441uo1mr0.

422 799 441 883 θ
462 795 516 863 45.
539 795 579 862 ln
602 796 713 884 primo
736 794 860 863 horum
885 795 1038 885 quinque
1060 796 1232 884 graduum
1245 796 1426 885 antiquam
1437 797 1537 865 illam

378 921 675 1010 superstitionem,
698 940 787 1008 quae
810 920 974 987 animalia
997 920 1136 988 arbores
1148 920 1282 1008 stipites
1293 941 1375 988 saxa
1387 941 1536 989 venera-

376 1044 491 1131 batur,
514 1045 614 1133 plane
637 1043 750 1111 adhuc
772 1044 889 1133 vigere
915 1042 1084 1127 videmuS,
1107 1045 1144 1111 in
1167 1045 1290 1112 ceteris
1312 1046 1370 1112 vix
1388 1045 1537 1114 dubium

377 1187 451 1234 esse
491 1172 604 1256 potest
637 1168 722 1255 quin
756 1165 941 1256 aliquando
975 1168 1141 1256 viguerit,
1176 1190 1387 1258 quamquam
1421 1170 1459 1237 in
1493 1172 1537 1239 iis

377 1291 548 1379 gradatim
571 1310 647 1358 eam
671 1291 828 1359 videmus
851 1297 1121 1359 evanescentem.
1147 1292 1239 1359 Haec
1257 1292 1365 1380 igitur
1384 1298 1538 1382 quatuor

378 1434 505 1502 genera
528 1434 590 1503 pro
609 1415 807 1483 testimonio
831 1419 943 1498 stant,
967 1415 1137 1504 quomodo
1159 1415 1537 1505 anthropomorphismi

378 1542 548 1625 potestate
571 1539 681 1627 magis
705 1540 883 1628 magisque
906 1545 1121 1608 accrescente
1141 1540 1338 1629 superstitio
1356 1539 1536 1629 illapede-

377 1662 536 1751 temptim
561 1663 758 1748 recesserit,
782 1668 821 1731 ut
839 1683 928 1731 novo
949 1664 1012 1732 sub
1031 1664 1176 1753 imperio
1196 1664 1358 1731 arborum
1371 1684 1536 1732 saxorum

378 1785 536 1873 stipitum
558 1805 753 1870 sacrorum,
787 1807 877 1875 quae
900 1808 941 1854 er
964 1786 1218 1876 antiquioribus
1239 1788 1452 1876 temporibus
1475 1809 1536 1856 su·

378 1914 573 1995 peressent,
597 1930 679 1977 vera
701 1910 790 1979 ratio
813 1931 882 1978 nnn
906 1912 1053 2000 amplius
1074 1912 1335 2000 perspiceretur.

423 2185 460 2252 Β.
485 2184 538 2253 Du
562 2202 721 2253 sacuuoo
745 2203 885 2253 causor.
908 2204 945 2252 ru
968 2185 986 2275 ς
1009 2184 1054 2253 44
1076 2203 1254 2254 rumcnro.

422 2406 440 2495 ξ
471 2404 524 2473 46.
556 2405 886 2475 Luculentissimum
917 2405 1115 2495 exemplum
1146 2411 1198 2473 est
1227 2404 1313 2474 illud
1343 2426 1466 2473 saxum
1491 2406 1536 2473 ad

379 2530 569 2599 secuudum
599 2530 692 2619 quod
722 2530 965 2620 proposuimus
994 2551 1103 2620 genus
1123 2531 1318 2625 pertinens,
1341 2528 1433 2618 quod
1456 2536 1537 2611 Ζεὺς

377 2661 562 2736 Καππώτας
584 2655 790 2736 vocabatur,
814 2656 991 2746 igiturque
1014 2660 1108 2723 certo
1131 2656 1258 2740 certius
1279 2674 1342 2744 pro
1365 2661 1436 2734 Διὸς
1454 2655 1536 2722 sede

378 2780 634 2848 venerationem
658 2779 843 2864 habuerat,
868 2780 926 2848 sed
949 2784 1084 2868 postea,
1108 2779 1187 2846 licet
1206 2798 1332 2846 nomen
1351 2777 1435 2846 illud
1448 2779 1536 2845 reti-

378 2907 527 2987 nuisset,
550 2905 683 2974 nullam
705 2904 809 2971 aliam
832 2902 875 2970 ob
898 2922 1038 2971 causam
1061 2903 1171 2970 sancti
1191 2902 1275 2991 quid
1294 2900 1422 2968 habere
1434 2907 1536 2990 puta-

378 3031 499 3114 batur,
533 3050 639 3118 quam
670 3029 762 3117 quod
794 3027 932 3096 Orestes
962 3027 999 3093 in
1023 3047 1062 3094 eo
1085 3027 1207 3095 sedens
1228 3026 1445 3114 resipuisset;
1470 3046 1536 3093 nec

379 3174 448 3221 nou
489 3154 797 3242 grammaticorum
830 3151 987 3218 doctrina
1020 3150 1157 3219 fabulae
1190 3150 1240 3218 illi
1273 3150 1425 3238 favebat,
1460 3152 1535 3218 saxi

379 3297 504 3344 nomen
527 3298 547 3343 a
568 3287 741 3346 καταπαύω
764 3275 991 3343 derivandum
1014 3295 1155 3342 censens
1169 3275 1208 3361 l).
1232 3274 1309 3341 Non
1332 3275 1432 3341 aliter
1453 3294 1534 3341 um-

378 3400 501 3470 bilicus
526 3399 727 3489 DelphicuS,
751 3421 890 3478 saxum,
914 3399 1006 3487 quod
1029 3399 1152 3467 Graeci
1173 3400 1277 3488 prisci
1300 3419 1363 3487 pro
1385 3397 1441 3465 dei
1460 3398 1535 3465 sive

378 3525 472 3614 genii
494 3524 674 3592 cuiusdam
697 3524 776 3591 sede
799 3524 953 3591 venerati
976 3529 1092 3605 erant,
1116 3529 1233 3612 postea
1253 3544 1274 3590 a
1293 3529 1341 3590 Διι
1352 3528 1534 3610 tamquam

379 3648 471 3716 orbis
496 3653 670 3715 terrarum
693 3647 877 3716 umbilicus
900 3647 1040 3736 Delphis
1062 3647 1235 3736 depositus
1258 3667 1331 3714 esse
1353 3645 1533 3713 existima-

379 3774 493 3852 batur;
520 3773 740 3840 sanctitatem
760 3773 901 3861 quidem
920 3772 1121 3857 retinuerat,
1139 3771 1198 3838 sed
1211 3770 1314 3838 aliam
1326 3770 1369 3839 ob
1381 3790 1534 3856 causam,

274 3947 277 3951 -
380 3917 469 3986 quae
490 3897 600 3985 magis
620 3896 1002 3986 anthropomorphismo
1022 3894 1257 3976 conveniebat,
1269 3893 1479 3962 adorabatur
1491 3896 1533 3982 2).

382 4020 487 4089 Aliud
517 4040 640 4089 saxum
673 4041 694 4086 a
729 4020 844 4087 Krono
875 4039 938 4109 pro
968 4025 1016 4086 Διι
1047 4018 1179 4086 infante
1209 4017 1412 4086 devoratum
1440 4039 1533 4101 esse,

380 4226 589 4237 -........-----

418 4369 437 4436 ¹)
456 4369 528 4420 raus
546 4369 594 4420 111
613 4370 655 4434 αα,
674 4371 698 4432 1,
718 4366 779 4418 noe
798 4366 857 4418 uro.
878 4366 908 4416 11
928 4366 943 4432 ξ
962 4367 1004 4415 rr.

418 4457 438 4527 2)
457 4457 528 4509 vua
548 4456 607 4509 mo.
628 4456 657 4507 Π
677 4457 691 4522 s
710 4459 752 4506 43.
