3442 5175
774 434 837 504 all

225 653 303 700 cum
335 636 509 699 astrorum
540 632 773 716 veneratione,
797 652 887 720 quae
910 633 1123 702 sabaeismus
1147 636 1263 703 vocari
1286 636 1388 715 solet,
1493 657 1495 660 ·

224 776 383 845 quaeque
417 761 530 823 totum
565 775 628 844 per
663 756 832 824 orientem
857 757 1023 831 latissime
1046 759 1170 846 patuit,
1194 761 1390 828 consociare

224 880 374 949 student.
396 881 518 969 Neque
540 880 678 965 iniuria,
703 902 784 949 nam
809 882 940 971 lapides
960 884 1141 964 animatos,
1154 891 1389 969 λιθουςέμψὺ-

223 1033 316 1092 poue,
349 1025 435 1093 quos
469 1004 749 1075 Sanchoniathon
777 1008 815 1075 in
838 1007 1034 1097 fragmento
1060 1010 1097 1076 in
1120 1009 1390 1098 praeparatione

224 1129 433 1219 Evangelica
475 1136 653 1199 asservato
688 1138 858 1200 memorat
872 1134 918 1221 1),
952 1155 972 1200 a
1003 1133 1178 1201 veteribus
1209 1132 1326 1202 stellas
1348 1134 1390 1201 de

225 1254 318 1322 coelo
341 1255 498 1344 delapsas
522 1255 658 1325 habitas
682 1276 755 1325 esse
778 1278 820 1325 ex
844 1258 966 1325 eodem
986 1258 1126 1327 Eusebii
1141 1258 1228 1326 libro
1242 1260 1268 1345 2)
1282 1280 1390 1348 appa-

224 1384 294 1447 l‘et:
316 1380 492 1472 „'Aoreiprn
510 1393 605 1472 ῆυρεν
624 1392 777 1472 deportate}
796 1392 922 1472 ἀστέρα,
943 1392 981 1450 ὃν
995 1396 1048 1450 καὶ
1061 1390 1240 1470 ἀνελομένη
1253 1392 1287 1451 ἐν
1302 1390 1391 1473 Τύρῳ

224 1519 260 1593 τῇ
289 1514 365 1596 ἁγίᾳ
395 1518 482 1594 νήσῳ
512 1507 721 1598 ἀφιέρωσεν,”
754 1507 901 1595 Lapides
932 1508 1040 1597 igitur
1071 1508 1249 1594 ardentes,
1281 1508 1342 1597 qui
1373 1528 1391 1575 e

224 1631 375 1700 nubibus
405 1632 623 1713 deciderant,
655 1632 774 1701 stellae
804 1633 995 1701 exstinctae
1018 1633 1253 1718 habebantnr3
1278 1653 1391 1722 neque

224 1755 367 1824 fortasse
402 1757 527 1847 Biisiglx
563 1763 674 1841 errat,
709 1759 842 1843 stellas,
871 1780 958 1848 quas
988 1760 1130 1849 insuper
1160 1758 1332 1848 lapidibus
1354 1759 1391 1826 in

223 1882 377 1949 nummis
411 1884 563 1951 excussis
586 1885 724 1972 saepius
746 1885 944 1972 rideamus,
969 1885 1056 1953 nihil
1079 1884 1173 1953 aliud
1196 1883 1391 1973 significare

222 2005 409 2092 perhibens
428 2029 532 2096 quam
553 2010 607 2078 vel
623 2009 829 2078 affinitatem
843 2031 1007 2078 saxorum
1019 2030 1100 2078 cum
1114 2009 1217 2077 astris
1229 2030 1249 2077 a
1262 2010 1390 2077 veteri-

223 2129 288 2198 bus
323 2133 509 2217 oreditam,
541 2134 595 2202 vel
625 2136 740 2225 ipsum
772 2135 869 2203 illum
895 2136 1062 2202 honorem
1086 2134 1261 2215 divinum,
1286 2154 1390 2223 quem
1487 2172 1494 2185 ·

121 2331 123 2334 v
224 2254 347 2324 Graeci
367 2263 402 2325 et
421 2259 569 2327 Romani
581 2261 712 2348 pariter
725 2280 765 2327 ao
777 2259 895 2348 populi
907 2257 1090 2360 orientales
1102 2258 1145 2326 iis
1156 2258 1341 2327 habuerint
1354 2260 1391 2344 3).

268 2381 435 2451 Attamen
469 2384 562 2452 idern
597 2384 684 2451 mihi
718 2385 848 2473 optime
879 2384 1079 2453 observasse
1111 2384 1266 2465 videtur,
1298 2385 1390 2452 eius-

226 2507 317 2574 modi
350 2507 561 2576 litholatriae
592 2509 815 2598 explicandae
844 2511 1015 2577 rationem
1048 2546 1088 2559 -
1120 2530 1227 2598 quarn
1251 2509 1392 2576 Mt‘mter

223 2638 258 2700 et
300 2632 366 2707 alii
393 2639 589 2723 sequuntur
622 2672 664 2684 -
699 2655 769 2703 non
803 2635 846 2702 ad
881 2655 1000 2703 omnes
1034 2635 1125 2702 locos
1159 2635 1201 2702 de
1236 2633 1391 2723 lapidum

224 2756 321 2826 cultu
351 2758 449 2826 nobis
479 2758 627 2826 traditos
657 2759 849 2847 pertinere,
880 2761 939 2828 sed
969 2765 1107 2827 tantum
1132 2760 1169 2827 in
1191 2781 1232 2827 ea
1255 2759 1391 2848 singula

224 2882 381 2972 exempla
423 2883 655 2951 adhibendam
698 2904 788 2969 esse,
823 2905 913 2973 quae
947 2885 1075 2954 diserte
1110 2906 1131 2952 a
1165 2883 1391 2973 scriptoribus

223 3008 383 3077 derolithi
395 3009 615 3078 declarentur
623 3010 659 3095 4).
672 3010 763 3078 Nam
776 3010 863 3077 aliae
876 3030 1013 3099 quoque
1026 3031 1091 3097 ree,
1100 3010 1196 3079 velut
1205 3010 1391 3078 simulacra

223 3131 338 3220 lignea
349 3133 387 3219 ⁵),
410 3139 553 3202 truncos
566 3133 605 3223 ⁶),
629 3134 764 3220 ancilia,
788 3134 831 3202 de
853 3134 947 3202 coelo
963 3134 1130 3203 decidisse
1143 3139 1277 3202 veteres
1288 3133 1390 3201 fabu-

223 3256 357 3342 lantur3
384 3260 547 3348 quocirca
569 3279 637 3327 non
662 3279 782 3327 omnes
804 3259 953 3347 lapides,
979 3280 1065 3348 quos
1087 3260 1130 3327 de
1153 3259 1246 3327 coelo
1270 3259 1389 3348 delap—

224 3401 278 3450 sos
313 3382 459 3471 ideoque
490 3383 600 3452 cultos
631 3405 705 3452 esse
735 3383 907 3470 indicent,
932 3385 1118 3453 aerolithos
1140 3385 1246 3453 fuisse
1270 3406 1389 3452 neccs-

224 3506 355 3574 sarium
378 3513 441 3575 est.

261 3786 281 3854 1)
309 3788 343 3839 In
372 3784 621 3839 Sanohoniathonis
649 3786 822 3855 fragmentis,
849 3802 866 3837 a
894 3786 1010 3838 Philone
1039 3785 1139 3855 Byblio
1165 3785 1268 3837 Graece
1294 3786 1388 3852 versis,

224 3875 255 3928 F.
274 3877 308 3929 H.
328 3875 360 3928 G.
379 3877 427 3928 III
447 3893 473 3943 p.
493 3877 558 3927 568:
577 3874 660 3940 ,Ἔτι
680 3875 718 3939 δέ,
737 3892 833 3946 φησιν,
854 3877 991 3945 ἐπενόησε
1009 3875 1077 3941 θεὸς
1099 3875 1228 3946 Οὐρανὸς
1244 3875 1389 3941 parantia,

123 4018 125 4022 ,
223 3964 330 4031 λίθους
348 3967 499 4035 ἐμψύχους
516 3964 783 4034 μηχανησάμενος.”

260 4064 281 4131 ²)
299 4064 398 4116 Euseb.
417 4063 516 4130 Praep.
535 4063 639 4131 Erang.
660 4063 673 4113 Ι
695 4065 735 4114 10.

259 4161 281 4229 ³)
301 4161 341 4214 De
359 4161 494 4231 Baetyliis
513 4178 539 4228 p.
558 4164 601 4213 45.
815 4159 838 4232 ⁴)
856 4159 972 4213 Ibidem.

259 4260 280 4327 ὅ)
309 4262 397 4327 ξόανα
426 4259 544 4328 dirueret,
574 4259 651 4310 velut
680 4258 803 4310 Artemis
831 4259 950 4311 Taurios
979 4259 1085 4326 (Eurip.
1114 4260 1177 4326 Iplr.
1203 4260 1285 4311 Taur.
1310 4261 1389 4325 951);

225 4350 346 4401 Artemis
370 4349 490 4416 Ephesia
516 4350 589 4416 (Aet.
616 4348 713 4415 Apost.
733 4348 806 4399 XIX
827 4351 886 4414 35);
906 4349 997 4400 Polias
1016 4349 1111 4400 Attica
1131 4350 1223 4415 (Pane.
1243 4349 1256 4399 I
1278 4352 1325 4413 26,
1346 4351 1389 4414 t);

224 4438 380 4491 Palladium
400 4439 528 4491 Troicum
551 4438 692 4505 (Apollod.
712 4438 759 4489 ΙΙΙ
782 4440 828 4503 12,
848 4440 884 4504 3).
1092 4433 1094 4435 ’

260 4537 282 4601 ⁰)
302 4537 382 4591 Paus.
403 4538 446 4589 IX
467 4541 514 4604 12,
533 4540 565 4603 4,
586 4537 649 4588 vide
670 4553 753 4603 supra
772 4535 832 4588 Lib.
852 4536 883 4587 II
903 4536 917 4600 ξ
939 4538 980 4587 90.
