3442 5175
860 434 905 501 38

291 632 485 720 loquuntur
521 631 686 699 historiae
716 652 830 720 neque
854 631 943 700 ullas
966 632 1126 700 inserunt
1149 651 1269 700 rerum
1293 634 1467 722 conscrip-

293 757 447 826 tionibus
476 757 662 841 falsitates,
697 756 843 825 allatum
879 777 921 824 ex
955 757 1109 846 Phrygia
1142 756 1230 824 nihil
1262 757 1348 846 quid
1372 757 1468 826 aliud

294 881 459 949 scribitur
490 882 635 950 missum
667 901 748 969 rege
779 880 823 948 ab
856 879 994 965 Attalo,
1025 880 1092 948 nisi
1118 879 1207 968 lapis
1231 880 1374 969 quidam
1398 900 1466 949 non

295 1026 460 1094 magum,
491 1007 576 1074 ferri
606 1026 713 1073 manu
746 1005 898 1072 hominis
931 1004 1006 1072 sine
1042 1004 1112 1072 ulla
1145 1005 1372 1093 impressione
1407 1005 1468 1094 qui

294 1136 426 1219 posset,
463 1130 586 1198 coloris
618 1129 712 1197 furvi
745 1134 851 1218 atque
887 1128 972 1209 atri,
1011 1127 1156 1216 angellis
1189 1127 1469 1216 prominentibus

294 1254 505 1343 inaequalis,
539 1259 574 1321 et
609 1273 714 1342 quem
749 1272 869 1321 omnes
903 1250 1005 1319 hodie
1040 1251 1115 1339 ipso
1149 1250 1207 1318 illo
1242 1251 1400 1320 videmus
1431 1253 1469 1331 in

295 1379 394 1466 signo
428 1380 498 1447 oris
531 1378 605 1446 loco
633 1378 804 1466 positum,
835 1376 1031 1445 indolatum
1054 1385 1089 1444 et
1112 1395 1275 1465 asperum
1300 1382 1335 1444 et
1358 1375 1468 1444 simu-

295 1504 388 1571 lacre
410 1503 534 1570 faciem
560 1503 676 1570 minus
700 1521 898 1589 expressam
922 1500 1144 1568 simulatione
1168 1500 1405 1589 praebentem.

342 1627 516 1695 Arnobius
531 1627 609 1694 adv.
623 1631 716 1715 gent.
731 1625 788 1713 VI,
801 1624 854 1692 11.
885 1625 1018 1692 Ridetis
1031 1624 1247 1711 temporibus
1259 1625 1399 1714 priscis.
1417 1679 1423 1692 .
1438 1676 1445 1691 .
1461 1678 1467 1692 .

296 1751 535 1820 Pessinuntios
559 1751 690 1819 silicem
714 1770 778 1839 pro
801 1750 907 1818 deum
931 1754 1044 1816 matre
1068 1748 1224 1816 coluisse.

343 1876 561 1944 Herodianus
594 1875 680 1942 Hist.
713 1874 745 1959 l,
770 1871 822 1940 l‘l.
850 1878 1066 1962 Θρησκεύουσι
1090 1878 1124 1939 δὲ
1146 1880 1290 1958 μάλιστα
1312 1884 1367 1958 τὴν
1390 1881 1470 1941 θεὸν

297 2007 386 2088 τὴνὸε
413 2007 561 2085 Ρωμαῖοι
585 2008 618 2081 ἐξ
641 2008 744 2077 αἰτίας
768 2007 927 2084 τοιαύτης,
953 2007 995 2076 ὡς
1020 2008 1142 2085 ἱστορίᾳ
1165 2004 1413 2086 παρειλήφαμεν
1435 2011 1471 2086 ῆς

297 2133 537 2213 ἐπιμνησθῆναι
560 2128 648 2204 ἔδοξε
671 2127 725 2189 διὰ
745 2133 799 2206 τὴν
818 2127 895 2210 παρ’
915 2126 1086 2205 Ἑλλήνων
1105 2133 1186 2188 ττσῖν
1207 2131 1378 2207 ἀγνωσίαν.
1393 2133 1470 2191 αὐτὸ

295 2261 356 2336 μὲν
387 2259 420 2317 τὸ
451 2255 585 2334 ἄγαλμα
616 2251 771 2327 διοπετὲς,
797 2254 838 2323 ὡς
860 2251 1019 2330 λέγουσιν·
1046 2254 1117 2312 οὔτε
1140 2250 1174 2311 δὲ
1197 2257 1253 2330 τὴν
1276 2253 1374 2333 ὕλην,
1400 2256 1470 2315 οὔτε

296 2387 444 2461 τεχνιτῶν
467 2382 550 2450 ὅστις
569 2381 723 2457 ἐποίησεν,
737 2377 954 2454 ἐγνωσμένον,
976 2374 1050 2437 οὔδε
1068 2380 1214 2452 ψανστόν
1225 2381 1331 2459 χειρὸς
1343 2379 1470 2460 ἄνθρω·

297 2507 398 2582 ττῖνης.
421 2507 509 2563 τοῦτο
531 2500 564 2561 δὲ
583 2501 688 2563 ττάλατ
707 2504 768 2579 μὲν
787 2503 821 2575 ἐξ
840 2503 980 2582 οὐρανοῦ
992 2501 1225 2581 κατενεχθῆναι
1237 2502 1333 2580 λόγος
1345 2506 1389 2575 εἷς
1401 2524 1471 2563 τινα

298 2635 349 2707 τῆς
369 2627 507 2710 Φρυγίας
524 2633 649 2708 χῶρον,
669 2625 850 2698 Πεσσινοῦς
863 2624 896 2685 dt
910 2628 1014 2705 ὄνομα
1027 2629 1128 2705 αὐτῷ,
1142 2632 1197 2705 τὴν
1209 2626 1242 2687 δὲ
1254 2632 1471 2710 προσηγορίαν

297 2754 414 2830 λαβεῖν
448 2755 501 2811 τὸν
533 2753 631 2811 τόττον
661 2752 696 2811 ἐκ
719 2754 773 2810 τοῦ
796 2752 947 2823 πεσόντος
970 2750 1156 2829 ἀγάλματος
1178 2752 1212 2826 ἐξ
1236 2753 1393 2833 οὐρανοῦ,
1416 2755 1471 2811 καῖ

298 2884 423 2960 πρῶτον
445 2878 545 2936 ἐκεῖσε
568 2876 723 2955 ὀφθῆναι.

344 2993 463 3059 Livius
475 2991 602 3071 XXlX,
616 2990 668 3057 ll.
694 2991 906 3078 Pergamum
920 2990 963 3056 ad
977 3011 1095 3079 regem
1108 2995 1292 3074 venerunt,
1301 2991 1331 3058 is
1340 2990 1471 3078 legatos

299 3116 444 3184 comiter
474 3119 633 3202 acceptos
664 3114 909 3193 Pessinuntem
940 3115 976 3180 in
1009 3114 1200 3202 Phrygiam
1228 3114 1390 3198 deduxit,
1415 3136 1471 3181 sa-

299 3259 469 3328 crumque
502 3239 546 3305 iis
575 3237 745 3326 lapidem,
777 3259 884 3326 quam
917 3243 1066 3305 matrem
1097 3238 1202 3306 deum
1234 3259 1308 3306 esse
1338 3238 1471 3306 incolae

300 3363 478 3446 dicebant,
513 3361 660 3429 tradidit
694 3381 734 3427 ac
769 3361 954 3450 deportare
990 3364 1135 3429 Romam
1169 3363 1281 3430 iussit.
1314 3362 1363 3430 df.
1397 3363 1470 3429 Liv.

300 3487 417 3555 XXIX
441 3485 493 3553 14.

345 3609 451 3678 Prud.
476 3609 579 3676 Mart.
603 3609 701 3676 Rom.
725 3607 801 3676 206.
831 3651 834 3656 -

521 3732 677 3821 Nigellus
701 3732 788 3820 lapis
811 3732 1012 3800 evehendus
1036 3734 1155 3802 essedo

524 3855 703 3923 Muliebris
726 3856 796 3923 oris
819 3855 959 3924 clausus
982 3864 1126 3945 argento
1151 3859 1257 3927 sedet.

302 3984 351 4051 df.
372 3982 520 4069 August.
541 3980 584 4047 de
604 3979 675 4047 Cir.
699 3979 761 4045 Dei
782 3979 906 4064 111'123
927 3981 1070 4050 Tertull.
1092 3983 1191 4071 Apol.
1204 3983 1265 4066 25;
1287 3983 1381 4051 lact.
1396 3983 1471 4050 117.

347 4107 387 4174 ln
418 4125 562 4173 nummo
586 4104 793 4171 Atheniensi
817 4103 989 4194 (lte-86
1011 4127 1041 4174 a.
1067 4107 1147 4174 Chr.
1171 4107 1233 4196 m),
1256 4107 1343 4196 lapis
1367 4127 1472 4175 cono-

302 4230 414 4298 idicus
437 4229 665 4317 conspicitur,
691 4248 795 4316 quem
822 4228 919 4295 Head
947 4249 1071 4296 saxum
1097 4229 1182 4298 illud
1212 4231 1473 4300 Pessinuntium

303 4353 418 4420 habet.
445 4352 541 4419 Head
564 4350 648 4436 324,
677 4351 893 4419 Head-Svor.
918 4350 1040 4433 1480,
1065 4353 1102 4419 Β.
1129 4352 1174 4420 Μ.
1199 4352 1283 4421 XIlI
1307 4353 1338 4438 2,
1362 4374 1395 4443 p.
1417 4353 1472 4438 60,

303 4476 387 4561 431,
412 4476 524 4546 Series
546 4475 616 4546 XC.
