3442 5175
788 445 855 513 229

243 643 300 710 W.
322 644 485 710 Petersen
499 644 538 731 1),
559 642 679 711 Bosolt
691 643 719 731 2)
731 641 854 710 saltem
867 661 925 710 eos
937 642 986 710 ita
998 647 1212 731 nuncupant,
1226 642 1363 731 prffer
1376 644 1404 731 ³)

242 749 363 834 eontra
396 766 439 833 iis
473 772 685 855 Κοιρωνιὸαις
708 772 743 834 et
765 772 921 856 Κοιρώνῳ
944 767 1084 833 nomina
1107 766 1212 834 fnisse
1234 767 1403 855 perhibet.

287 897 429 970 Φοίνικες
451 891 494 958 ab
519 890 691 978 Hesychio
703 891 732 978 1)
757 895 791 957 et
816 890 980 978 Dionysio
993 890 1022 979 5)
1047 897 1373 960 commemorantur.

242 1023 342 1105 Κριὸς
364 1016 436 1083 sive
459 1021 586 1105 Κριῶα,
611 1014 732 1082 demus
753 1013 909 1099 Atticus,
930 1014 971 1083 de
992 1022 1083 1106 Κρίῳ
1095 1016 1199 1082 beroe
1211 1019 1353 1082 vocatus
1364 1015 1403 1103 1);

241 1139 411 1226 Ἀλωπεκὴ,
435 1139 524 1207 alius
547 1137 669 1207 demus
693 1138 830 1207 Atticus
843 1138 889 1227 ⁷),
912 1140 1162 1229 Κορυδαλλόςῧ)
1184 1141 1240 1225 (z
1262 1144 1404 1229 κορυὸός,

242 1265 284 1333 cf.
320 1264 462 1332 Theoer.
497 1264 529 1330 X
562 1262 623 1349 50,
659 1263 807 1352 Hesycb.
842 1286 868 1332 S.
888 1267 953 1350 ν),
990 1265 1173 1353 Φηγαιαθ),
1209 1270 1331 1351 bayons
1344 1263 1403 1352 ¹⁰),

241 1394 368 1457 Πτελέα
381 1388 442 1473 11),
473 1394 657 1478 Μυρρινοῦς
670 1389 727 1473 12),
754 1387 836 1457 'Iria
849 1388 907 1475 ¹³),
933 1387 1073 1479 Ἐρὶκεια
1086 1389 1144 1475 11),
1169 1394 1329 1474 Ῥαμνοῦς
1343 1387 1403 1477 ¹⁵),

240 1510 418 1603 Ἀχραόοῦς
431 1511 487 1600 11),
523 1532 642 1580 omnes
675 1511 768 1579 demi
803 1510 928 1595 Attici,
963 1511 1108 1580 fortasse
1142 1511 1346 1581 animalium
1370 1518 1405 1579 et

240 1637 440 1725 plantarum
463 1637 598 1705 cultum
622 1636 873 1705 totemistieum
897 1636 1063 1704 redolent.

285 1760 493 1829 Innumerae
527 1766 609 1828 sunt
642 1762 810 1849 regiones
846 1760 967 1845 urbm,
992 1761 1073 1850 pagi
1096 1760 1238 1845 Graeci,
1262 1759 1304 1828 de
1327 1760 1404 1829 ani-

242 1886 390 1953 malibus
413 1886 485 1954 sive
508 1886 636 1975 plantis
655 1888 787 1970 voeati3
811 1907 900 1974 qnae
924 1887 1064 1954 nomina
1088 1889 1204 1953 omnia
1227 1884 1405 1953 adsultus

241 2011 371 2098 priscos
393 2012 568 2100 pertinere
587 2032 657 2079 non
679 2011 880 2079 incredibile
893 2012 979 2079 mihi
993 2010 1146 2092 videtur3
1159 2011 1196 2075 in
1207 2009 1405 2077 totemismo

242 2137 335 2201 enim
365 2135 508 2202 nomina
530 2140 646 2203 tantas
666 2139 785 2224 partes
806 2142 932 2223 agunt,
956 2140 996 2203 ut
1019 2156 1060 2202 ea
1083 2134 1141 2201 din
1167 2135 1404 2222 superstitioni

240 2259 290 2326 illi
312 2260 514 2349 superstitio
536 2260 642 2328 fnisse
665 2259 893 2349 probabiliter
915 2261 1084 2328 coniicere
1108 2260 1288 2349 possimus.

285 2384 302 2472 ἕ
325 2383 379 2451 25.
404 2385 546 2452 Praeter
568 2390 689 2472 gentes
712 2390 746 2452 et
770 2391 889 2471 δήμους
907 2386 1028 2453 heroes
1048 2405 1187 2473 quoqne
1206 2384 1405 2473 saepissime

242 2508 284 2576 de
307 2508 516 2577 animalibus
539 2508 772 2593 vocabantur3
798 2509 889 2598 quod
913 2510 1058 2577 fortasse
1082 2508 1188 2576 etiam
1211 2529 1291 2576 eum
1314 2513 1329 2575 t
1351 2515 1404 2575 to-

241 2634 365 2701 mismo
396 2634 574 2718 cohaeret,
606 2634 649 2701 ad
681 2632 885 2701 animalium
916 2634 1050 2702 cultum
1078 2634 1202 2702 saltem
1231 2634 1405 2723 pertinere

241 2758 326 2825 mihi
349 2759 546 2845 videtu1·¹⁷).

279 3084 298 3150 1)
318 3083 358 3135 Do
378 3083 451 3134 Hiot.
471 3085 545 3150 gent.
565 3085 614 3134 att.
635 3083 659 3133 7.

254 3212 257 3217 ,
278 3172 298 3237 2)
318 3171 364 3223 or.
384 3170 415 3223 o.
435 3172 449 3222 1
469 3174 528 3223 375.

277 3261 298 3328 3)
317 3262 376 3312 nrt.
396 3260 463 3312 Gen.
484 3263 541 3312 104.

277 3351 298 3416 ⁴)
318 3332 437 3417 Hesyoh.
457 3365 477 3400 s.
497 3366 522 3400 v.

244 3502 246 3504 V
276 3439 298 3505 5)
318 3438 398 3491 Dion.
418 3438 451 3490 de
470 3438 550 3489 Dion.
571 3442 611 3490 10.

276 3528 298 3595 1)
318 3527 408 3579 Sohol.
427 3528 476 3579 Ar.
497 3528 548 3578 Ar.
568 3531 636 3593 6453
656 3527 740 3593 Suid,
760 3528 894 3596 Hesyoh.,
914 3528 1057 3594 Harpoor,
1077 3527 1170 3595 Steph.
1190 3527 1255 3595 Byz.
1275 3545 1295 3579 s.
1316 3544 1340 3579 r.

277 3618 297 3684 7)
317 3617 418 3668 Herod.
438 3617 463 3667 V
481 3618 530 3681 63,
550 3617 693 3684 Harpoor,
713 3617 805 3681 Sum,
825 3616 920 3684 Steph.
941 3617 1039 3685 Byz.s
1067 3633 1091 3667 v,

276 3707 298 3771 8)
317 3706 410 3773 Steph.
429 3706 505 3773 Byz,
525 3706 643 3774 Hesyoh.
662 3723 682 3758 s.
704 3724 737 3771 v,
757 3706 895 3773 Theophr.
914 3705 987 3772 apud
1008 3706 1109 3757 Athen.
1128 3705 1171 3756 IX
1189 3709 1232 3756 43.

276 3798 298 3862 1)
318 3796 447 3864 Hesyoh,
467 3794 551 3861 Suid,
571 3795 664 3862 Steph.
684 3796 749 3863 Byz.
769 3810 790 3848 s.
809 3811 833 3845 v.

280 3885 310 3951 ¹⁰)
330 3885 415 3950 Suid,
434 3885 576 3952 Harpoor,
597 3884 690 3952 steph.
710 3885 777 3952 Byz.
795 3901 817 3936 s.
836 3901 860 3935 v.

279 3975 309 4040 ¹¹)
329 3974 423 4041 Stepb
442 3974 508 4042 Bya.
527 3990 548 4026 s.
567 3990 592 4025 v.

279 4063 310 4129 11)
331 4063 420 4115 Sohol.
440 4063 488 4114 Ar.
508 4062 581 4114 Plut.
601 4065 661 4127 586,
681 4063 761 4114 Pauo.
782 4064 796 4114 I
817 4066 858 4127 31,
878 4067 903 4129 4,
923 4061 1017 4129 Steph.
1037 4062 1102 4129 Byz.

279 4153 310 4219 ¹⁸)
331 4153 459 4220 Hesyoh,
478 4153 621 4220 Harpoor,
641 4151 725 4218 Suid,
745 4149 838 4219 steph.
857 4151 924 4219 Byz.
944 4168 965 4202 s.
983 4168 1009 4203 r.

280 4241 310 4308 11)
329 4242 422 4309 Steph.
442 4242 508 4310 Byz.
528 4258 548 4294 s.
567 4259 593 4294 v.

279 4331 310 4396 ¹⁵)
329 4329 418 4382 Sobol.
438 4330 487 4383 Ar,
506 4331 580 4382 Plut.
600 4333 659 4383 586.

279 4419 310 4486 ¹⁶)
330 4420 423 4487 Steph.
443 4420 509 4488 Byz.
529 4436 549 4472 s.
569 4437 595 4472 v.

282 4510 312 4576 ¹⁷)
332 4510 403 4562 Vide
422 4509 497 4561 infre
515 4511 530 4577 ἕ
550 4511 591 4561 79.
