3442 5175
801 434 868 502 149
893 438 896 442 ’

251 627 382 716 lapides
408 628 444 694 in
468 648 547 711 eum
573 627 848 695 conficiebantur
872 633 908 694 et
931 628 1087 716 fugiebat
1106 627 1194 712 (Ael.
1219 629 1261 697 Ν.
1286 628 1327 697 Α.
1351 632 1418 698 XII

250 749 327 835 34);
352 750 430 817 vide
452 751 544 818 infra
568 750 641 817 Lib.
666 749 716 817 ΙΙΙ
741 750 758 838 ᾖ
781 750 836 817 20.

295 875 343 941 De
378 881 533 943 Διονύσου
567 875 772 962 cognomine
811 880 1010 964 Ταυροφοίγῳ
1043 875 1206 963 (Hosyoh.
1233 881 1268 942 ot
1293 877 1345 944 Et.
1372 878 1417 946 M.

250 1020 276 1066 S.
301 1019 350 1078 v.,
375 997 487 1065 Schol.
513 998 572 1065 Ar.
599 999 685 1064 Ran.
708 996 791 1085 357)
815 997 894 1064 vide
917 997 1008 1064 infra
1034 998 1109 1066 Lib.
1135 998 1183 1065 Ill
1209 998 1227 1087 ᾖ
1250 998 1303 1065 19.

295 1122 343 1190 Of.
369 1122 521 1190 Roscher
547 1122 590 1188 M.
616 1121 653 1190 L.
678 1119 822 1204 110563
848 1120 968 1189 Rhode
992 1121 1126 1208 Psyche
1150 1120 1269 1189 111116
1291 1144 1366 1212 sqq.

293 1487 324 1554 b.
350 1484 400 1552 DE
426 1500 630 1553 ANIMALIUM
655 1499 865 1551 SIMULAGRIS
889 1501 926 1548 IN
950 1500 1098 1551 DEORUM
1122 1502 1273 1551 TEMPLIS
1291 1502 1418 1553 ooLLo-

252 1626 369 1689 OATIS,
404 1626 522 1684 ATQUE
558 1623 638 1675 losso
668 1622 858 1690 ADORATIS,
882 1624 966 1682 QUIA
990 1623 1234 1682 QUODAMMODO
1258 1626 1306 1675 AD
1330 1626 1419 1678 DEOS

253 1750 507 1801 PERTINERENT.

295 2005 411 2093 5256.
438 2004 503 2096 [1].
528 2004 713 2092 Delphis
737 2003 964 2092 (Ἀπόλλωνος
987 2003 1116 2092 lupus).

296 2133 396 2198 Pauo.
432 2129 464 2195 X
497 2127 559 2210 14,
594 2126 625 2193 7.
653 2133 785 2213 Δελφῶν
807 2132 841 2194 ύὲ
865 2134 1024 2214 ἀνοίθημιί
1047 2136 1131 2196 ἐστιν
1155 2137 1259 2198 αὐτῶν
1280 2137 1420 2217 πλησίον

250 2268 305 2325 τοῦ
326 2264 441 2341 βωμοῦ
463 2265 518 2321 τοῦ
540 2258 685 2336 μεγάλου
708 2257 805 2330 λύκος
826 2257 976 2338 χαλκοῦς.
998 2259 1128 2337 λέγουσι
1147 2258 1181 2320 ύὲ
1200 2266 1261 2321 τῶν
1272 2266 1327 2322 τοῦ
1338 2262 1420 2323 θεοῦ

250 2387 423 2468 χρημάτων
446 2383 630 2461 συλήσαντα
653 2383 846 2462 ἄνθρωπον,
871 2384 925 2441 τὸν
946 2385 1007 2458 μέν
1029 2385 1112 2460 ὁμοῦ
1132 2386 1173 2461 τῷ
1192 2387 1313 2465 χρυσίῳ
1325 2405 1419 2446 κατα-

249 2514 418 2595 κρύψαντα
448 2510 535 2590 ἔχειν
558 2508 655 2567 αύιὸν
678 2505 761 2566 ἔνθα
784 2509 839 2565 τοῦ
861 2502 1041 2585 Παρνασοῦ
1063 2504 1206 2582 μάλιστα
1229 2508 1268 2584 ἦν
1291 2511 1420 2589 συνεχές

249 2637 313 2696 ύπὸ
344 2637 464 2715 ἀγρίων
494 2631 641 2713 ύένύρων,
672 2629 773 2690 λύκον
802 2627 836 2689 ύὲ
868 2628 1046 2690 ἐπιθέσθαι
1076 2633 1107 2690 οί
1133 2626 1340 2707 καθεύύοντι,
1365 2638 1420 2693 καί

250 2757 433 2819 ἀποθανεῖν
463 2777 495 2815 τε
524 2756 587 2814 ύπό
618 2758 672 2813 τοῦ
703 2753 804 2813 λύκου
835 2755 889 2813 τὸν
920 2752 1113 2833 ἄνθρωπον,
1147 2759 1203 2813 καί
1232 2755 1274 2826 ὡς
1303 2756 1335 2827 ές
1365 2760 1420 2833 τὴν

249 2881 348 2942 πόλιν
375 2881 530 2960 ὁσημέραι
555 2882 673 2956 φοιτῶν
696 2877 812 2957 ὠρύετο
836 2877 853 2935 ὁ
876 2874 982 2948 λύκος·
1007 2877 1076 2937 ἐπεί
1099 2875 1134 2936 ύέ
1157 2879 1215 2938 οῦκ
1237 2879 1316 2939 ἄνευ
1338 2881 1420 2941 θεοῦ

249 3003 489 3085 παραγίνεσθαι
520 3003 630 3079 σφίσιν
664 2998 915 3076 ύπελσίμβανον,
952 3001 1049 3071 οὕτως
1081 2999 1344 3063 ἐπακολουθοῦσι
1378 3007 1419 3080 τῷ

248 3130 372 3210 θηρίῳ,
407 3132 462 3187 καί
496 3125 720 3205 ἀνευρίσκουσί
753 3143 784 3182 τε
818 3125 852 3183 τὸ
887 3125 973 3204 ίερὸν
1006 3125 1141 3203 χρυσίον
1171 3130 1226 3185 καί
1257 3125 1420 3187 ἀνέθεσαν

249 3252 351 3313 λύκον
374 3256 415 3329 τῷ
437 3251 506 3327 θεῷ
528 3246 685 3328 χαλκοῦν.

295 3367 370 3434 Ael.
395 3367 436 3433 N.
460 3365 500 3432 Α.
525 3366 558 3431 X
581 3363 635 3430 26.
655 3369 791 3451 Χαίρειν
816 3368 849 3430 ύέ
873 3373 957 3449 αύτῷ
977 3371 1030 3450 (τῷ
1049 3369 1149 3451 λύκῳ)
1168 3378 1224 3433 καί
1235 3376 1289 3433 τὸν
1301 3368 1419 3436 Ἀπόλ-

250 3498 342 3561 λωνα
366 3497 478 3575 λόγος,
502 3501 557 3556 καί
580 3498 600 3573 ἡ
624 3498 711 3556 αίτία
733 3495 836 3574 ἐκείνη
861 3492 1053 3575 ὃταρρέουσα
1075 3501 1130 3556 καί
1153 3497 1184 3567 ές
1203 3496 1260 3573 έμέ
1279 3499 1417 3574 ἀφίκοιο·

168 3695 172 3701 ⁴
250 3627 304 3684 τὸν
327 3625 389 3704 γάρ
412 3642 459 3683 τοι
480 3621 561 3682 θεὸν
584 3624 693 3680 τοῦτον
713 3618 869 3698 τεχθῆναί
888 3638 967 3697 φασι
980 3625 1031 3697 τῆς
1042 3618 1165 3698 Λητοῦς
1174 3620 1421 3700 μεταβαλούσης

250 3751 284 3808 τὸ
319 3744 402 3817 είύος
437 3747 481 3815 είς
513 3742 682 3803 λύκαιναν·
719 3743 814 3822 ταύτῃ
847 3762 895 3802 τοι
929 3742 1015 3821 λέγει
1048 3749 1103 3804 καί
1136 3742 1277 3825 ’Όμηρος
1310 3747 1418 3806 είπών·

250 3869 417 3949 λυκηγενέϊ
440 3867 625 3944 κλυτοτόξῳ·
651 3866 745 3946 ταύτῃ
764 3884 811 3925 τοι
830 3870 886 3925 καί
905 3866 940 3925 ἐν
959 3864 1093 3943 Δελφοῖς
1113 3867 1308 3928 ἀνακεῖσθαι
1319 3867 1420 3930 λύκου

252 3996 418 4070 πέπυσμαι
448 3990 610 4071 χαλκοῦν,
642 3993 697 4067 τίγν
728 3994 780 4066 τῆς
803 3986 926 4068 Λητοῦς
949 3963 1299 4068 ὠύῑναιαίνιττόμενον.
1326 3990 1363 4052 Oi
1386 3991 1420 4052 ύὲ

251 4119 289 4178 ού
324 4115 378 4176 διὰ
412 4116 502 4176 τοῦτό
535 4133 651 4192 φασιν,
682 4111 772 4172 ἀλλὰ
801 4113 871 4173 ἐπεί
902 4113 1065 4174 κλαπέντα
1088 4113 1285 4192 ἀναθήματα
1307 4117 1343 4177 έκ
1366 4122 1421 4178 τοῦ

251 4247 311 4302 νεὼ
340 4246 395 4301 καί
418 4239 656 4320 κατορυχθέντα
678 4238 741 4297 ύπὸ
765 4242 826 4297 τῶν
849 4236 1026 4318 ίεροσύλων
1048 4236 1144 4309 λύκος
1167 4241 1201 4297 τύ
1224 4237 1309 4315 ζῷον
1332 4259 1419 4300 κατε-

250 4368 389 4443 μήνυσε,
424 4362 601 4445 παρελθὼν
636 4364 680 4433 είς
712 4364 766 4421 τὸν
800 4364 881 4421 νεὼν
915 4368 969 4422 καί
999 4367 1060 4422 τῶν
1083 4367 1252 4442 προφητῶν
1274 4383 1344 4422 τινα
1368 4369 1420 4441 τῆς

174 4460 177 4465 θ
253 4489 386 4566 ἐσθῆτος
417 4492 469 4565 τῆς
499 4489 585 4567 ίερᾶς
616 4485 752 4557 ἑλκύσας
775 4489 816 4563 τῷ
840 4487 989 4562 στόματι,
1012 4491 1067 4546 καί
1090 4489 1303 4567 προσαγαγὼν
1324 4486 1420 4567 μέχρι
