3442 5175
796 390 840 458 89

280 591 372 681 §92
399 589 487 683 [14].
512 590 610 658 Deli
634 592 758 677 (Ληιώ).

281 716 407 784 Athen.
442 715 523 784 XIV
554 714 585 783 2.
616 729 671 783 nal
701 723 806 782 πάνια
838 726 876 782 ιὰ
905 711 985 782 κατὰ
1016 726 1071 799 τὴν
1093 726 1192 800 νῆσον
1214 721 1397 799 θαυμάζων

237 851 320 930 ἦλθε
338 856 393 922 καὶ
412 853 457 923 εἰς
475 853 509 910 ab
528 846 669 928 Λητῷον,
689 847 832 926 νομίζων
849 853 901 927 τῆς
921 843 1128 917 ’Λπόλλωνος
1136 849 1253 927 μητρὸς
1264 844 1397 923 ἄγαλμά

236 1000 264 1038 ιι
294 977 471 1058 θεωρήσειν
500 973 680 1053 ἀξιόλογον·
713 971 789 1034 ἰδὼν
820 969 847 1034 ὄ’
871 974 948 1033 αὐτὸ
971 972 1102 1048 ξύλινον
1125 973 1273 1052 ἄμορφον
1294 992 1397 1053 παρα·

237 1100 333 1179 ὅόξως
355 1099 517 1180 ἐγέλασεν.

280 1306 353 1374 Ηοο
376 1326 515 1396 quoque
538 1304 763 1373 simulacrum
785 1304 823 1371 in
846 1304 1005 1392 stipitum
1028 1321 1173 1370 numero
1197 1301 1397 1371 habendum

236 1431 389 1514 videtur;
426 1449 640 1520 quamquam
670 1429 843 1498 incertum
875 1432 944 1513 est,
976 1432 1096 1496 utrum
1128 1447 1271 1516 prorsus
1301 1427 1398 1495 rudis

236 1555 334 1645 palus
350 1555 457 1624 fuerit
475 1576 520 1623 an
540 1553 794 1643 quodammodo
815 1554 852 1621 in
865 1552 1013 1621 sormam
1026 1553 1217 1620 humanam
1230 1552 1396 1621 edolatus.

277 1773 295 1857 ξ
318 1768 372 1838 93.
398 1768 487 1861 [12].
512 1768 702 1859 Spartae
726 1771 944 1857 (Διόσκουροι).

279 1895 369 1965 Plut.
394 1896 437 1964 de
461 1896 555 1963 Fral.
581 1895 658 1963 Am.
680 1895 712 1962 I.
739 1902 786 1962 ra
809 1900 938 1964 ιιαλαιά
960 1906 1021 1962 ιῶν
1045 1898 1244 1982 Διοσκούρων
1267 1898 1398 1981 ἀφιδρύ-

235 2051 321 2107 μαια
354 2032 385 2089 ol
407 2026 607 2110 Σπαρτιᾶιαι
630 2026 751 2090 δόκανα
773 2026 920 2089 καλοῦσι·
944 2027 1009 2086 ἔσει
1032 2024 1065 2085 dt
1089 2023 1146 2086 δύο
1168 2024 1252 2101 ξύλα
1274 2026 1398 2106 παράλ-

235 2153 323 2233 ληλα
354 2151 426 2214 doct
456 2152 607 2231 πλαγίοις
629 2152 852 2230 ἐπεζευγμένα,
876 2156 931 2212 καὶ
953 2149 1039 2211 donet
1062 2154 1103 2227 τῷ
1125 2148 1315 2228 φιλαδέλφῳ
1338 2155 1399 2209 ιῶν

235 2280 323 2341 θεῶν
353 2273 472 2340 οἰκεῖον
502 2281 587 2338 εἶναι
616 2282 671 2337 τοῦ
703 2277 914 2355 ἀναθήματος
944 2280 978 2336 ab
999 2278 1109 2336 κοινὸν
1131 2281 1186 2335 καὶ
1209 2272 1397 2356 ἀδιαίρετον.

236 2395 282 2464 ef.
309 2394 469 2464 Eustath.
492 2393 537 2482 ad
560 2392 656 2462 Iliad.
681 2393 708 2461 P
731 2391 807 2461 744.

279 2610 375 2677 Duae
404 2627 563 2698 gemmae
594 2606 681 2674 duas
709 2626 835 2695 parvas
863 2605 1059 2689 columnas,
1085 2607 1224 2677 vinculo
1247 2609 1340 2676 inter
1363 2630 1399 2677 se

235 2734 455 2820 coniunctas,
478 2729 660 2816 exhibent,
684 2750 770 2819 quas
790 2735 999 2820 Διοσκούρους
1018 2732 1147 2800 referre
1159 2733 1401 2822 Furtwangler

234 2858 435 2927 dubitanter
464 2855 620 2925 coniecit.
653 2854 740 2923 Mihi
763 2860 882 2924 autem
906 2856 971 2924 hae
994 2856 1175 2925 columnae
1199 2879 1219 2924 a
1242 2858 1400 2927 trabibus

233 2982 300 3050 illis
330 3003 350 3049 a
384 2981 572 3051 Plutarcho
606 2980 885 3049 commemoratIs
920 2980 1184 3070 distinguendae
1218 2983 1400 3069 videntum

235 3107 414 3176 columnae
445 3107 538 3174 enim
569 3106 680 3194 magis
712 3124 817 3194 quam
848 3103 965 3174 trabes
996 3112 1100 3190 sunt,
1129 3126 1242 3196 neque
1265 3106 1401 3178 duabus

234 3232 409 3316 trabibus,
440 3230 500 3299 sed
532 3251 601 3298 uno
632 3235 771 3299 tantum
795 3229 934 3299 vinculo
957 3230 1048 3299 inter
1071 3252 1107 3300 se
1130 3233 1400 3322 coniunguntur.

234 3357 331 3426 Licet
349 3357 458 3447 Igitur
477 3355 553 3423 fieri
573 3356 697 3445 possit,
719 3354 845 3424 utalia
865 3356 1008 3444 quaevis
1020 3357 1189 3425 eiusmodi
1202 3344 1401 3449 Διοσκούρων

233 3482 417 3551 simulacra
440 3480 612 3565 reserant,
637 3479 724 3548 nihil
748 3485 868 3549 tamen
886 3481 924 3549 in
944 3481 1009 3549 hac
1031 3502 1069 3550 re
1089 3503 1152 3571 pro
1173 3489 1267 3551 certo
1287 3489 1399 3554 statu-

147 3680 150 3683 ,
234 3607 362 3675 endum
388 3610 450 3674 est.

276 3730 406 3800 FurtW.
431 3729 476 3797 Vl
500 3727 583 3815 305,
606 3749 639 3818 p.
663 3729 708 3797 30
732 3732 814 3818 (sec.
837 3730 860 3796 5
885 3751 915 3797 a.
939 3729 1020 3798 Chr.
1043 3732 1114 3819 n),
1138 3732 1268 3800 Furtw.
1294 3733 1335 3801 Α.
1360 3734 1399 3803 G.

89 3954 95 3963 .
234 3855 316 3924 XIII
346 3853 408 3939 293
438 3854 570 3922 Furtw.
603 3852 694 3921 XLV
724 3852 831 3932 6464,
861 3876 895 3943 p.
926 3853 1073 3943 23o(=
1098 3854 1228 3924 Tollen
1252 3856 1400 3940 vl145,

235 3977 505 4048 Winckelmann
529 3978 559 4046 V
583 3976 662 4064 250)
687 3979 841 4068 (gemma
866 3977 1250 4070 hellenisticograeca).

276 4103 316 4172 In
350 4104 418 4172 alia
447 4122 585 4192 gemma
617 4101 843 4188 (hellenistico
866 4141 910 4152 -
933 4123 1095 4191 romana,
1119 4105 1251 4174 Fortu.
1274 4106 1400 4175 XLVII

233 4227 337 4315 6617,
368 4251 401 4319 p.
433 4228 517 4315 243,
551 4229 680 4298 Furtw.
712 4229 754 4296 A.
786 4229 826 4298 G.
860 4231 975 4298 XXIX
1005 4231 1081 4318 44);
1106 4231 1287 4300 columnae
1311 4232 1400 4300 duae

234 4353 510 4443 conspiciuntur,
546 4353 683 4424 vinculo
718 4361 894 4439 carentes;
926 4377 1031 4444 supra
1062 4362 1248 4446 utramque
1278 4356 1401 4445 globus

234 4477 411 4547 aculeatus
438 4485 472 4547 et
501 4484 654 4562 astrum3
674 4478 774 4546 hasta
798 4484 834 4548 et
856 4480 1011 4568 gladium
1035 4482 1205 4549 columnis
1229 4480 1401 4571 applicata
