3442 5175
803 423 847 491 67

241 619 395 688 medium
415 619 508 688 orbis
527 624 704 687 terrarum
717 624 780 688 aut
792 627 955 700 Πύθωνος
968 619 1167 709 sepulcrum
1180 625 1243 689 aut
1256 627 1411 689 Διονύσου

239 742 417 811 tumulum
441 741 634 831 significat3
658 744 870 811 recentiores
896 748 1017 811 contra
1040 744 1133 811 inter
1156 764 1192 811 se
1215 743 1410 833 ambigunt,

240 870 361 933 utrum
380 866 568 934 umbilicus
579 851 687 946 Γαίας
693 865 721 955 1)
735 886 780 933 an
793 872 915 946 Ἑστίας
922 866 950 956 ²)
963 866 1061 935 sedes
1073 887 1118 934 an
1132 872 1180 934 Διο
1192 873 1375 956 Μοιραγέοῃ
1384 868 1411 951 ³)

240 1009 338 1056 sacer
360 989 477 1057 fuerit.
502 989 530 1056 Ε
554 989 683 1078 quibus
703 991 885 1057 sententiis
905 991 1019 1078 prima
1040 991 1126 1057 mihi
1147 991 1411 1079 ceterisproba·

240 1112 341 1179 bilior
371 1113 529 1196 videtum
560 1112 620 1180 sed
643 1112 773 1201 optime
796 1118 910 1202 potest
933 1113 1027 1201 fieri,
1052 1118 1092 1181 ut
1115 1113 1203 1199 lapis
1226 1113 1284 1181 ille
1307 1135 1411 1182 num-

241 1256 345 1324 quam
370 1238 458 1304 certi
481 1236 628 1305 alicuius
651 1236 723 1316 dei,
748 1237 807 1304 sed
831 1257 969 1325 semper
987 1237 1099 1326 ignoti
1118 1237 1301 1310 cuiusdam
1320 1237 1414 1325 genii

241 1360 364 1428 domus
387 1360 507 1429 habita
531 1361 594 1444 sit3
618 1366 757 1448 postea,
781 1380 865 1428 vera
885 1381 991 1430 causa
1003 1361 1237 1429 venerationis
1249 1358 1413 1428 oblivioni

240 1483 395 1571 prodita,
419 1482 537 1551 fabula
561 1484 603 1550 de
629 1484 743 1551 medio
768 1484 861 1552 orbis
885 1489 1059 1552 terrarum
1084 1492 1161 1552 orta
1184 1489 1247 1551 est.

286 1605 385 1684 Quod
406 1607 449 1673 ad
470 1606 629 1675 Orestem
642 1608 768 1676 attinet
781 1610 986 1679 umbilicum
1000 1609 1218 1698 amplexum,
1232 1608 1273 1679 cl.
1289 1608 1412 1674 Aeseh.

242 1729 387 1797 Eumen.
410 1729 472 1798 lo:
612 1718 615 1722 ⁵

461 1863 526 1943 ὁρῶ
550 1860 631 1922 ὅ’έπ’
654 1863 794 1942 ὀμφαλῷ
816 1868 879 1943 μὲν
902 1862 1005 1946 ἄνδρα
1028 1864 1177 1943 θεομυσῆ

462 1983 559 2066 ἕδραν
582 1987 697 2066 ἔχοντα
719 1991 967 2069 προστρόπαιον.

287 2118 336 2187 De
370 2125 548 2189 Ἀπόλλωνι
578 2120 616 2186 in
639 2121 805 2189 umbilico
828 2122 971 2190 sedente
995 2122 1036 2189 cf.
1063 2121 1218 2188 Platonis
1241 2121 1342 2188 (livit.
1366 2120 1414 2188 IV

241 2242 324 2311 427:
356 2254 446 2323 οὗτος
479 2255 541 2333 γὰρ
571 2249 674 2330 δήπου
705 2254 724 2313 ὁ
753 2253 831 2326 θεὸς
853 2259 926 2335 περὶ
949 2257 987 2315 τὰ
1010 2258 1140 2315 τοιαῦτα
1163 2258 1263 2313 πᾶσιν
1286 2251 1413 2333 ἀνθρώ-

242 2396 314 2447 ποις
336 2376 468 2457 πάτριος
491 2376 638 2455 ἐξηγητὴς
661 2377 695 2436 ἐν
717 2378 806 2456 μέσῳ
829 2384 882 2456 τῆς
904 2384 960 2456 γῆς
983 2379 1035 2438 ἐπὶ
1059 2383 1113 2439 τοῦ
1136 2376 1289 2455 ὀμφαλοῦ
1312 2374 1414 2452 καθή-

242 2521 338 2577 μενος
361 2501 524 2578 ἐξηγεῖται.

287 2618 367 2686 Eur.
393 2617 465 2684 Ion.
488 2615 528 2683 5:
562 2627 629 2703 ἥκω
651 2622 686 2684 δὲ
708 2622 840 2705 Δελφῶν
864 2625 955 2705 τὴνὸε
977 2628 1045 2705 γῆν,
1072 2628 1115 2687 ἵν’
1139 2625 1292 2704 ὀμφαλόν

564 2751 666 2828 μέσον
688 2751 837 2825 καθίζων
860 2750 979 2829 Φοῖβος
1000 2734 1141 2830 ὑμνῳδεῖ
1163 2751 1297 2832 βροτοῖς.

288 2866 337 2934 De
372 2876 499 2956 ἀγρήνιρ
530 2866 573 2934 cf.
605 2867 691 2936 Poll.
722 2868 769 2936 IV
802 2867 885 2936 116:
918 2875 1086 2957 ’'Ayppvov.
1120 2878 1154 2936 τὸ
1185 2873 1255 2952 δ’ἦν
1285 2874 1415 2953 πλέγμα

242 3001 276 3074 ἐξ
306 3000 400 3080 ἐρίων
430 2997 595 3071 ὅικτοῶόες
624 3004 697 3080 περὶ
727 3003 794 3059 πᾶν
817 3002 851 3060 τὸ
873 3005 977 3077 σῶμα,
1006 3001 1023 3059 δ
1049 2998 1193 3080 Τειρεσίᾳ
1216 2997 1414 3074 ἐπεβάλλετο

241 3125 262 3201 ἢ
285 3144 345 3183 τινι
369 3122 463 3201 ἄλλῳ
485 3126 637 3201 μαντικῷ.

287 3240 498 3308 Boettieheri
522 3240 683 3329 opinione
704 3240 810 3307 vestis
832 3238 892 3305 illa
915 3238 1034 3308 divina
1058 3259 1139 3308 cum
1162 3258 1314 3327 augures
1336 3243 1415 3305 tum

243 3363 449 3432 umbilicum
481 3368 718 3431 sacrosanctos
748 3362 932 3449 reddebat,
963 3369 1146 3453 tamquam
1170 3367 1414 3451 tegumentum

243 3495 464 3576 ἀποτρόπαιον
471 3514 482 3569 ;
505 3486 621 3554 lanam
646 3492 765 3555 autem
789 3488 952 3555 universe
971 3487 1103 3575 aliquid
1123 3486 1233 3554 divini
1252 3486 1415 3554 habuisse

243 3630 262 3677 e
287 3611 456 3679 vittarum
480 3631 548 3679 usu
571 3614 734 3699 apparet,
757 3630 821 3678 nec
842 3631 912 3677 non
931 3610 1173 3677 eouerimonia
1185 3609 1278 3698 apud
1291 3628 1415 3675 saxum

243 3754 264 3800 a
299 3733 415 3802 Krono
451 3734 658 3803 devoratum
692 3734 814 3803 diebus
845 3734 1070 3802 sollemnibus
1101 3732 1274 3800 celebrata
1298 3733 1414 3817 (Pons.

242 3857 275 3924 X
298 3856 352 3942 λῖν,
374 3858 421 3943 (l).

287 3982 365 4050 Non
399 3980 512 4049 solum
547 3981 689 4071 Delphis
723 3980 911 4049 umbilicus
948 3978 1178 4065 adorabatur,
1213 3980 1273 4047 sed
1308 3979 1415 4047 etiam

281 4223 304 4278 ¹)
322 4222 449 4289 Ulriohs‚
469 4221 570 4274 Reisen
591 4222 648 4274 und
669 4218 865 4289 Foreohungen
884 4220 914 4272 in
934 4218 1138 4272 Grieohenland
1154 4236 1180 4285 p.
1197 4218 1414 4284 783Mommsen‚

244 4310 384 4378 Delphika
402 4328 428 4378 p.
450 4314 492 4363 11.

280 4399 301 4464 ²)
319 4399 463 4463 Wieseler‚
481 4399 554 4452 Ann.
574 4398 600 4450 d.
621 4399 643 4451 Ι.
665 4401 732 4449 1857
755 4414 781 4464 p.
803 4399 860 4448 160.

280 4487 301 4554 ³)
320 4487 478 4554 Bottioher‚
497 4487 552 4539 Der
572 4486 722 4554 Omphales
742 4486 789 4538 dee
808 4487 878 4538 Zeus
897 4502 932 4536 zu
953 4484 1055 4550 Delphi
1074 4501 1100 4552 p.
1120 4488 1145 4535 5.
