3442 5175
860 390 928 459 lla

316 639 319 644 -
355 587 471 676 §aaa
504 587 570 678 [6].
606 589 661 656 De
695 587 835 676 gallis
859 592 903 655 et
927 587 1203 674 gallinaceis
1227 587 1490 677 airca‘Hpa-

310 721 461 793 κλέους
483 718 526 780 et
547 719 676 798 Ἥβης
699 711 846 779 fanum
873 711 1082 778 nutritis.

360 838 430 908 hel.
462 838 504 905 N.
534 837 576 904 Α.
600 835 697 904 XVll
720 835 775 905 46.
799 841 892 922 Λέγει
916 841 1071 915 Μνασέας
1094 845 1129 903 ἐν
1152 849 1188 924 τῇ
1210 842 1360 925 Εὐρώπη,
1382 843 1489 926 Ἡρα·

310 970 424 1042 κλέους
447 973 533 1052 ἱερόν
555 972 638 1030 εῖναι
662 975 716 1029 καὶ
740 975 791 1047 τῆς
814 970 925 1030 τούτου
945 974 1089 1047 γαμετῆς,
1111 966 1341 1049 ἣνᾷὅουσινολ
1354 976 1487 1049 ποιηταὶ

311 1103 364 1175 τῆς
383 1094 491 1177 Ἥρας
512 1094 684 1175 θυγατέρα.
719 1125 729 1146 s

358 1218 480 1280 Οὐκοῦν
503 1221 538 1279 έν
561 1223 601 1296 τῷ
621 1223 676 1278 τοῦ
698 1221 759 1278 νεὼ
783 1216 947 1298 περιβόλῳ
971 1218 1125 1290 τιθασοὺς
1148 1219 1285 1299 ὄρνιθας
1308 1218 1486 1299 τρέφεσθαι

311 1343 456 1416 τιολλοός
483 1363 570 1423 φησι,
604 1348 659 1403 καὶ
689 1347 779 1403 τοῦτο
811 1340 854 1416 tlt,
879 1344 963 1402 εῖναι
986 1341 1200 1423 ἀλεκτρυόνας
1223 1348 1331 1403 τεκαὶ
1355 1343 1486 1403 ἀλεκτο-

312 1467 401 1551 ρλόας
423 1467 533 1529 ιοόσόε
555 1472 630 1540 τοὺς
649 1469 743 1548 ὄρνις.
770 1464 932 1545 Νέμονται
955 1465 988 1525 ὅέ
1012 1473 1066 1527 καλ
1093 1467 1369 1545 συναχελάζονται
1393 1470 1486 1545 σφίσι

311 1597 392 1654 κατὰ
421 1595 519 1671 γένος,
543 1598 597 1652 καὶ
621 1590 777 1671 όημοσλας
802 1593 912 1672 έχουσι
936 1593 1062 1673 τροφός,
1086 1597 1140 1651 καὶ
1164 1597 1225 1652 τῶν
1248 1590 1336 1652 θεῶν
1359 1591 1486 1668 ἀναθηγ

311 1721 398 1797 ματό
421 1722 482 1778 εἰσι
506 1724 567 1779 τῶν
589 1716 837 1798 προειρημένων.
863 1715 903 1775 At
926 1719 987 1794 μέν
1010 1719 1069 1776 οὗν
1091 1713 1290 1797 ἀλεκτορλὸες
1312 1717 1347 1776 έν
1369 1719 1410 1793 τῷ
1433 1721 1487 1793 τῆς

312 1840 419 1922 Ἥβης
438 1844 588 1920 νέμονται
607 1846 678 1919 νεῷ,
700 1844 730 1901 ol
746 1839 780 1900 δὲ
792 1843 826 1901 ἐν
838 1839 1039 1922 Ἡρακλέους
1051 1844 1081 1900 ot
1094 1838 1191 1901 τῶνδε
1202 1840 1345 1919 γαμέται.
1359 1835 1487 1919 Ὀχετὸς

313 1965 347 2025 δέ
370 1967 435 2048 ἄρα
457 1967 577 2026 ἀενάου
601 1971 708 2025 τεκαὶ
731 1965 882 2045 καθαροῦ
905 1963 1018 2036 όόατος
1041 1962 1163 2046 διαρρεῖ
1185 1967 1291 2042 μέσος.
1316 1986 1344 2024 κ.
1358 1986 1382 2025 τ.
1396 1964 1426 2024 λ.

358 2137 376 2219 ἓ
399 2133 477 2201 246·
502 2132 567 2223 [ll.
592 2135 649 2201 De
672 2134 808 2221 gallis
830 2135 875 2200 in
898 2135 1081 2222 templis
1105 2134 1310 2202 nutritis.
1325 2135 1351 2220 1)
1443 2223 1447 2229 .

358 2251 486 2325 Athen·
510 2258 559 2324 IX
581 2256 636 2325 46·
661 2264 872 2346 Ἄρισῖθῖὲόης
894 2271 972 2345 γοῦν
994 2286 1092 2346 φησιν
1111 2269 1158 2327 ὅτι
1171 2271 1232 2326 τῶν
1244 2266 1488 2343 ἀνατιθεμένων

313 2391 348 2450 έν
371 2396 435 2462 τοῖς
458 2394 554 2471 ἱεροῖς
577 2389 797 2471 ἀλεκτρυόνων
820 2393 874 2449 τόν
897 2389 1094 2450 ἀνατεθέντα
1118 2395 1148 2450 ot
1167 2392 1317 2470 προόντες
1335 2393 1488 2471 ὀχεύουσι

312 2515 407 2596 μέχρι
436 2515 478 2572 ἀν
508 2512 611 2584 ἄλλος
641 2513 792 2594 ἀνατεθῇ
826 2516 855 2573 εἰ
886 2512 920 2573 όέ
949 2519 995 2593 μη
1019 2516 1200 2594 ἀνατεθείη,
1224 2517 1384 2596 μάχονται
1406 2518 1490 2597 πρὸς

314 2637 490 2716 ἀλλήλους,
513 2644 568 2698 καὶ
592 2639 609 2697 ὁ
631 2640 763 2715 ἡττήσας
785 2640 839 2697 τόν
861 2639 1035 2718 ηττηθέντα
1058 2637 1112 2700 ὅιὰ
1133 2644 1251 2712 παντὸς
1273 2642 1387 2720 ὀχεύει.

359 2806 476 2893 5247.
503 2805 570 2897 [8].
595 2806 652 2873 De
675 2806 916 2874 anseribus
938 2807 980 2874 in
1004 2808 1187 2897 templis
1210 2811 1413 2878 nutritis.

360 2932 530 2999 Artemid.
562 2929 739 3033 Onelrocr.
771 2929 816 2998 IV
840 2929 895 2998 83·
926 2941 1006 3020 ἱεροὶ
1029 2943 1091 3019 γὰρ
1114 2942 1145 3000 el
1167 2946 1262 3019 χῆνες
1285 2945 1315 3001 ol
1338 2942 1373 3001 έν
1395 2949 1492 3014 ναοῖς

315 3065 575 3146 ἀνατρεφόμενον.
590 3057 618 3142 2)

359 3182 410 3250 uf.
441 3180 531 3248 Plut.
560 3181 602 3247 de
627 3180 719 3247 Fert.
745 3181 833 3248 Rom
850 3163 852 3169 ⁵
870 3179 929 3266 12,
953 3181 996 3248 de
1020 3182 1202 3250 anseribus
1227 3184 1319 3250 eirea
1343 3182 1489 3252 lunonis

315 3306 485 3394 ternplum
509 3306 545 3372 in
570 3305 738 3395 Capitolio
762 3306 923 3388 nutritis3
947 3306 1087 3373 Patron.
1108 3305 1223 3395 Satyr.
1244 3328 1272 3376 c.
1289 3306 1369 3374 136:
1384 3328 1487 3375 »eum

315 3450 394 3498 ecee
424 3435 496 3497 tres
518 3449 658 3497 anseres
681 3430 788 3514 sacri,
812 3430 893 3517 qni,
918 3435 958 3497 ut
982 3434 1084 3518 pute,
1110 3430 1225 3497 medio
1249 3430 1304 3498 die
1328 3430 1489 3499 solebant

315 3554 359 3622 ab
382 3574 452 3622 anu
475 3553 587 3621 diaria
610 3554 765 3641 exigere,
789 3554 961 3641 impetum
981 3554 1017 3621 in
1041 3575 1096 3621 me
1120 3554 1286 3622 faciunt.''

353 3768 373 3834 ¹)
391 3766 465 3820 Galli
484 3782 565 3835 saepe
583 3767 613 3817 in
632 3767 752 3820 nummis
770 3767 996 3834 censpiaiuntur:

350 3856 481 3930 Himerae
499 3855 641 3908 autonomi
659 3856 735 3923 (ante
754 3858 907 3923 482-472)
927 3855 1006 3909 Head
1030 3859 1080 3909 125
1099 3872 1149 3924 sq„
1170 3856 1341 3910 Hand-svor.
1362 3856 1377 3908 I
1399 3859 1460 3909 186.

351 3944 465 3997 Ithacae
566 3983 578 4011 „
966 3945 1087 4013 „359
1250 3986 1263 4014 ,,
1364 3947 1459 4000 1536.

351 4032 461 4101 Carysti
564 4072 577 4099 „
710 4035 874 4100 (aee-445)
964 4037 1086 4101 „aaa
1249 4075 1262 4102 „
1365 4037 1460 4089 1452.

351 4120 577 4187 Athenarum„
712 4123 875 4188 (lae-186)
964 4161 978 4188 „
1033 4122 1086 4174 319
1249 4162 1263 4190 ,,
1364 4124 1460 4178 1473.

315 4206 412 4261 Gallus
430 4204 545 4281 Ἀθηνᾷ
561 4224 637 4262 saner
648 4213 716 4275 erat,
732 4210 768 4262 ef.
780 4210 893 4263 vaseula
905 4210 1007 4277 httlea,
1017 4227 1088 4279 quae
1098 4212 1127 4263 in
1137 4212 1337 4265 eertaminibus
1347 4213 1489 4265 Panathe-

315 4298 403 4351 naiais
430 4298 582 4351 viatoribus
608 4297 759 4350 dabantur:
779 4298 860 4350 iuxta
878 4298 1011 4368 Ἀθηνᾶν
1030 4302 1136 4368 gallum
1154 4302 1299 4355 columnae
1318 4303 1488 4356 insidentem

315 4388 458 4440 exhibent.

352 4476 373 4544 ²)
393 4476 435 4530 ef.
455 4477 564 4538 Querol.
584 4478 631 4529 27:
653 4492 719 4544 „ege
739 4476 769 4527 in
789 4477 898 4529 sabellis
916 4478 1042 4545 proxime
1061 4495 1171 4531 anseres
1186 4480 1296 4549 inspexi
1316 4480 1444 4534 multos.''
