3442 5175
790 374 855 442 107

287 576 402 668 §123
429 576 493 668 [6].
519 574 737 665 Epidauri
761 575 952 664 (Ὑρνηθοῦς
974 571 1141 659 oleastri).

288 704 391 772 Faus,
416 701 448 770 Π
471 699 535 782 28,
558 698 590 767 3.
614 706 772 768 Κατιοῦσι
796 703 830 766 ὅὲ
853 707 886 778 ἐς
908 710 969 767 τῶν
995 701 1209 786 Ἐπιὸαυρίων
1231 708 1286 781 τήν
1308 702 1406 763 πάλιν

242 839 363 919 χωρίον
394 836 459 896 ἐστί
482 835 658 914 πεφυκυίας
681 831 886 914 ἀγριελαίους
908 831 992 911 ἔχον·
1019 827 1191 911 Ὑρνήθιον
1214 825 1247 888 de
1270 826 1406 888 καλοῦσι

243 964 278 1024 τὸ
300 961 420 1042 χωρίον
433 1005 527 1019 .....

289 1077 320 1144 7.
352 1086 419 1146 τότε
450 1081 484 1143 ὀί
508 1082 725 1161 ἀναλαβόντες
747 1085 801 1144 τὸν
820 1085 932 1162 νεκρὸν
952 1086 1005 1160 τῆς
1026 1078 1203 1161 Ὑρνηθοῦς
1219 1077 1407 1156 κομίζουσιν

244 1215 276 1287 ἐς
305 1215 395 1273 τοῦτο
425 1214 460 1271 τὸ
490 1213 610 1291 χωρίον
638 1212 673 1269 τὸ
705 1211 769 1269 άνά
798 1209 917 1290 χρόνον
948 1203 1121 1288 Ὑρνήθιον
1143 1202 1275 1283 κληθέν.
1299 1206 1407 1264 καίοι

242 1341 432 1415 ποιήσαντες
473 1338 578 1417 ήρῷον
619 1336 711 1411 τιμάς
743 1338 798 1394 καί
832 1331 939 1404 ἄλλας
973 1328 1137 1406 ὅεὸώκασι,
1171 1334 1226 1390 καί
1259 1329 1312 1389 ἐπί
1345 1334 1408 1401 τοῖς

244 1463 421 1542 πεφυκόσιν
452 1459 583 1535 ἐλαίοις,
614 1464 669 1520 καί
699 1461 728 1518 εί
757 1456 795 1536 όή
826 1479 854 1518 τι
877 1455 964 1517 ἄλλο
981 1440 1117 1537 ’ὁὲνὸρον
1139 1455 1211 1529 ἔσω,
1234 1454 1409 1533 καθέστηκε

244 1589 353 1671 νόμος,
373 1590 412 1646 τά
443 1585 634 1667 θραυόμενα
664 1580 787 1663 μηὸἐνα
817 1584 849 1654 ἐς
871 1585 961 1642 οίκον
984 1580 1141 1662 φέρεσθαι
1161 1576 1242 1659 μηόὲ
1263 1579 1409 1660 χράσθαι

246 1715 356 1792 σφίσιν
387 1712 420 1783 ἐς
448 1707 557 1791 μηθέν,
590 1712 671 1770 κατά
693 1710 803 1790 χώραν
825 1704 955 1768 ὅάὐτοῦ
977 1705 1145 1766 λείπουσιν
1166 1707 1238 1785 ίερά
1256 1706 1340 1765 είνατ
1358 1708 1410 1782 τῆς

247 1833 433 1919 Ὑρνηθοῦς.

291 2075 308 2164 §
331 2073 407 2142 124.
433 2074 498 2164 [7].
531 2073 768 2163 Psophide,
799 2074 836 2141 in
867 2072 955 2141 urbe
979 2070 1149 2139 Arcadiae
1173 2067 1410 2158 (Alcmaeonis

250 2200 430 2289 cupressi).

293 2326 385 2393 Paus
415 2322 495 2392 VIII
519 2322 580 2406 24,
605 2322 635 2390 7.
664 2330 827 2392 Τέθαιτται
851 2329 885 2391 ὀί
907 2336 962 2392 καί
989 2329 1165 2408 Ἀλκμαίων
1187 2331 1222 2390 ἐν
1247 2326 1369 2408 Ψωφῖὸι
1393 2331 1411 2388 ὁ

254 2458 461 2541 Ἀμφιαράου,
492 2461 547 2519 καί
577 2461 608 2519 ol
638 2461 673 2518 τὸ
701 2459 814 2537 μνῆμά
837 2458 922 2518 ἐστιν
944 2458 1062 2536 οίκημα
1085 2456 1155 2516 οὔτε
1177 2454 1308 2533 μεγέθει
1328 2454 1412 2532 μέγα

250 2586 320 2647 οὔτε
349 2583 460 2656 ἄλλως
488 2583 735 2663 κεκοσμημένον·
763 2588 836 2665 περί
859 2579 894 2642 de
917 2582 995 2642 αὐτὸ
1017 2581 1209 2663 κυπάρισσοι
1232 2579 1412 2659 πεφύκασιν

249 2712 281 2782 ἐς
313 2713 463 2770 τοσοῦτον
497 2711 601 2785 άφους
634 2710 821 2786 ἀνήκουσαι,
859 2710 938 2768 ὥστε
971 2712 1025 2767 καί
1059 2709 1093 2765 τὸ
1123 2707 1196 2788 ὄρος
1219 2708 1253 2764 τὸ
1276 2708 1355 2786 πρὸς
1376 2711 1413 2785 τῇ

253 2831 376 2913 Ψωφῖδι
397 2832 617 2907 κατεσκιάζετο
640 2827 693 2893 ὑπ’
718 2834 830 2893 αὐτῶν.
856 2834 969 2904 ταύτας
992 2833 1050 2892 οὐκ
1068 2829 1240 2892 ἐθέλουσιν
1252 2830 1412 2890 ἐκκόπτειν

250 2961 336 3040 ἱεράς
354 2962 408 3019 τοῦ
424 2956 638 3037 Ἀλκμαίωνος
649 2957 839 3035 νομίζοντες·
853 2958 1029 3019 καλοῦνται
1041 2954 1075 3017 db
1086 2958 1150 3018 ὑπὸ
1161 2960 1222 3017 τῶν
1233 2957 1412 3037 ἐπιχωρίων

250 3083 418 3165 παρθένοι.

296 3443 367 3510 ΙΠ.
409 3445 460 3510 Dc
502 3442 691 3510 arboribus
732 3461 880 3525 quarum
915 3444 1087 3511 sanctitas
1122 3463 1166 3511 ex
1201 3463 1240 3513 cc
1274 3445 1413 3511 tantum

253 3570 419 3654 apparet,
444 3568 536 3651 quod
560 3568 604 3635 ad
623 3568 706 3636 deus
725 3568 799 3636 sive
819 3567 945 3636 herces
965 3569 1145 3653 pertinere
1165 3569 1412 3637 credebantur.

297 3766 343 3850 α).
368 3764 421 3831 Du
445 3780 645 3832 Anuonruus
668 3781 714 3830 ΑΒ
738 3780 916 3832 uunorsus
939 3781 1055 3832 sarrs:

188 3962 190 3965 ’
298 3961 315 4051 §
339 3958 413 4028 125.
438 3958 502 4051 [1].
526 3959 710 4049 Delphis
734 3959 1022 4049 (Agamemnonis
1044 3960 1230 4049 platanus).

298 4086 468 4176 Theophr.
500 4086 588 4154 Hist.
620 4085 731 4154 Plani.
758 4085 804 4154 IV
827 4084 888 4170 13,
912 4085 944 4154 2.
967 4097 1047 4168 τινες
1065 4093 1104 4155 be
1127 4116 1206 4175 φασι
1227 4102 1281 4158 καί
1304 4103 1358 4176 τήν
1380 4102 1415 4162 ἐν

256 4218 389 4300 Δελφοῖς
422 4219 587 4281 πλάτανον
618 4218 842 4299 Ἀγαμέμνονα
872 4224 1024 4300 φυτεῦσαι
1053 4225 1107 4282 καί
1130 4224 1185 4301 τήν
1207 4223 1242 4283 ἐν
1263 4221 1415 4304 Καφάαις

255 4352 306 4426 τής
328 4342 505 4428 Ἀρκαὸίας.

300 4462 427 4531 Athen.
457 4463 522 4531 XV
552 4461 605 4531 62.
637 4475 692 4532 καί
721 4472 898 4554 φερομένου
928 4475 982 4535 τοῦ
1003 4470 1165 4545 Πύθωνος
1187 4470 1237 4534 ἐπ’
1259 4473 1415 4552 αὐτοὺςή
