3442 5175
827 422 850 489 5

245 620 293 682 -ut
326 615 369 684 ab
404 616 447 683 iis
482 615 650 684 damnum
685 617 730 684 sit
762 617 1010 702 metuendum,
1042 619 1126 686 alios
1149 619 1215 687 sibi
1238 619 1422 702 benevolos

252 739 548 828 beneficiendique
569 739 735 808 facultate
760 740 935 829 praeditos
955 741 1128 828 cogitant3
1149 764 1297 830 quorum
1319 746 1422 812 hosce

252 865 369 932 colunt
402 884 447 931 ne
481 863 760 932 benevolentiam
794 864 963 952 perdant,
999 865 1092 949 illos,
1128 870 1168 933 nt
1201 867 1421 935 inimicitiam

251 988 491 1077 deprecentur.
515 986 656 1055 Ceteros
679 988 831 1072 animos,
854 1009 942 1076 quos
965 988 1061 1055 omni
1083 989 1120 1056 in
1144 989 1302 1057 homines
1323 995 1421 1078 pote-

251 1117 338 1179 state
361 1131 480 1179 carere
500 1116 642 1199 putent,
654 1111 750 1179 nulla
763 1113 986 1180 veneratione
998 1113 1143 1201 fruiper
1155 1135 1191 1181 se
1203 1114 1421 1203 intelligitur.

295 1234 368 1324 §3.
415 1236 456 1302 11
491 1235 560 1303 duo
595 1235 757 1324 dogmata
793 1237 1020 1304 animismum
1055 1237 1206 1306 divisum
1241 1260 1316 1307 esse
1350 1241 1421 1307 iam

252 1361 422 1429 vidimus:
458 1381 608 1449 quorum
643 1361 794 1429 alterum
828 1361 873 1427 ad
907 1361 1042 1429 animos
1076 1363 1113 1429 in
1145 1363 1291 1451 singulis
1317 1365 1422 1434 rebus

251 1485 450 1554 habitantes
472 1485 642 1574 pertinet,
668 1484 729 1572 qui
751 1490 830 1573 post
853 1490 1004 1552 mortem
1028 1485 1083 1553 vel
1105 1486 1289 1556 interitum
1313 1509 1355 1556 ex
1378 1489 1421 1556 iis

250 1610 451 1696 discedunt,
467 1603 634 1677 'alterum
665 1609 800 1676 animos
832 1614 928 1676 certa
959 1608 1039 1677 sede
1064 1615 1224 1678 carentes
1247 1612 1420 1696 continet,

249 1734 331 1804 inde
351 1734 394 1803 ab
415 1733 621 1802 humillimis
642 1733 817 1832 usquead
838 1753 913 1816 eas,
935 1753 1025 1821 quae
1046 1732 1190 1801 deorum
1212 1740 1419 1822 potestatem

250 1857 432 1946 habent1).
471 1857 628 1936 Quorum
663 1857 869 1944 dogmatum
903 1858 969 1924 1100
1003 1875 1080 1924 eam
1116 1859 1420 1945 superstitionem,

251 2003 356 2070 quam
389 1981 522 2066 Τ10101)
554 1982 786 2070 spiritismum
818 1985 937 2064 vocat,
969 1982 1119 2062 creavit,
1152 1982 1239 2050 illud
1262 1984 1421 2052 homines

252 2107 295 2174 ad
319 2127 398 2175 eum
424 2106 576 2191 cultum,
600 2106 662 2194 qui
685 2105 893 2173 letissismus
917 2105 1064 2192 dieitur,
1089 2107 1264 2194 perduxit.

692 2363 1002 2477 0111111.Ι

315 2579 365 2647 110
389 2578 501 2647 variis
526 2577 715 2646 sententiis
739 2577 784 2644 ad
807 2577 1044 2646 fotissismum
1066 2578 1344 2662 pertinentibus.

293 2744 364 2834 §la
407 2745 629 2834 Quamquam
672 2745 790 2812 omnia
832 2765 938 2832 supra
981 2743 1074 2812 dieta
1111 2744 1310 2833 plausibilia
1345 2742 1420 2813 esse

250 2870 429 2955 videntur,
464 2891 591 2959 magna
621 2874 740 2937 tamen
771 2869 866 2936 inter
897 2870 989 2938 viros
1021 2870 1139 2937 doctos
1170 2870 1212 2937 de
1243 2870 1420 2939 letissismi

250 2993 499 3081 significatione
520 2993 688 3061 dissensio
707 2993 783 3061 fuit.
806 2992 876 3060 Alii
884 2993 909 3077 ³)
931 2994 1087 3061 omnium
1101 2993 1247 3061 deorum
1260 2993 1418 3063 cultuum

249 3117 408 3203 initium,
448 3118 508 3185 alii
520 3119 550 3202 4)
594 3118 771 3207 religionis
814 3118 1120 3206 degenerationem
1162 3139 1243 3185 eum
1277 3119 1418 3188 habent.

250 3240 338 3309 Sunt
372 3242 433 3331 qui
467 3242 599 3326 omnia,
635 3262 724 3330 quae
758 3241 802 3310 ab
834 3241 1035 3310 hominibus
1065 3242 1206 3310 incultis
1238 3242 1419 3328 coluntur,

285 3509 304 3575 1)
324 3506 366 3561 cf.
386 3508 486 3576 Tylen,
509 3507 595 3559 Prim.
615 3506 688 3560 duit.
710 3507 724 3558 Ι
744 3510 804 3558 426.

284 3597 414 3662 2)Τ1010,
434 3595 630 3649 Gesohiedenis
650 3613 675 3648 v.
695 3597 721 3648 d.
741 3594 906 3647 Godsdienst
926 3595 955 3646 in
974 3595 1008 3647 de
1027 3593 1155 3646 Oudheid
1176 3595 1190 3646 1
1213 3612 1239 3661 p.
1261 3597 1284 3646 7.

283 3686 304 3752 3)
325 3687 359 3737 Α.
385 3686 493 3750 Oomte,
523 3684 609 3737 Cours
638 3685 671 3736 de
699 3684 879 3752 Philosophie
907 3683 1030 3736 Positive
1056 3684 1081 3735 V
1108 3687 1194 3735 1—83
1221 3684 1283 3748 (520
1308 3683 1418 3749 Lepon).

249 3776 288 3827 De
307 3773 408 3849 Comtii
429 3773 558 3841 opinione
577 3772 611 3824 de
630 3773 778 3826 fotissismo
794 3773 830 3825 01.
849 3773 876 3824 J.
897 3771 994 3824 Stuert
1013 3771 1090 3836 Mill,
1110 3772 1235 3840 Auguste
1252 3769 1347 3822 Gomts
1364 3770 1418 3822 and

248 3862 415 3930 positivism²
433 3879 479 3929 pp.
499 3864 594 3914 9-20.
890 3838 903 3859 ⁵

283 3952 304 4017 ⁴)
323 3951 388 4003 Max
407 3950 523 4015 Miiller,
534 3949 653 4002 Hibbert
664 3951 810 4015 Leotures,
821 3950 865 4001 On
875 3951 922 4001 the
934 3949 1032 4017 Origin
1046 3948 1100 4000 and
1112 3947 1225 4000 Growth
1236 3948 1267 3999 01
1274 3947 1418 4016 Religion,

249 4039 395 4107 espooially
424 4055 453 4091 as
482 4037 640 4091 illustrated
668 4038 705 4105 by
733 4039 781 4089 the
806 4038 936 4106 Religion
956 4038 986 4088 of
1003 4037 1094 4089 India.
1113 4036 1241 4089 Muelleri
1261 4036 1418 4103 opinionem

249 4130 408 4195 oppugnant
427 4126 512 4193 Tiele,
532 4127 590 4178 Ilen
609 4126 748 4193 probleem
769 4126 817 4178 der
835 4126 1185 4194 godsdienstwetensehep,
1205 4125 1272 4178 Gids
1293 4128 1375 4192 1811,
1391 4130 1418 4178 01

250 4215 283 4265 Δ.
302 4216 392 4284 hang,
412 4215 524 4268 Gustom
544 4214 598 4266 end
616 4214 697 4282 Myth
717 4217 867 4267 212-242.
887 4214 919 4268 Ο.
937 4214 1087 4265 Pfleiderer
1102 4214 1236 4266 Muellero
1254 4216 1417 4280 assentitur,

250 4318 415 4371 quamquam
438 4304 498 4355 eius
522 4303 616 4370 opinio
641 4302 706 4354 aliis
725 4304 897 4371 argumentis
917 4303 1031 4354 nititur:
1052 4302 1131 4368 ,wir
1150 4303 1241 4354 haben
1260 4303 1345 4355 daher
1365 4304 1418 4355 den

250 4392 443 4445 Fetisohismus
470 4393 512 4445 als
538 4392 723 4460 unbedingter
742 4392 925 4444 Rdoksohritt
946 4408 1008 4443 vom
1028 4391 1223 4458 Standpunkte
1243 4391 1291 4443 der
1310 4391 1417 4442 Urreli·

251 4480 314 4546 gion
324 4497 372 4533 eus
382 4498 416 4533 zu
427 4479 615 4534 betreehten.”
625 4481 676 4533 Die
686 4481 824 4549 Religion,
835 4481 881 4532 ihr
892 4481 993 4532 Wesen
1003 4480 1058 4531 und
1072 4479 1133 4532 ihre
1144 4479 1309 4533 Gesehiehte
1318 4479 1348 4531 11
1358 4482 1416 4531 104.
