3442 5175
776 388 843 463 239

272 590 418 657 Romani
447 590 555 679 igitur
585 610 654 657 uon
678 590 793 658 minus
817 611 923 678 quam
947 590 1041 673 Indi,
1066 591 1201 677 Graeci,
1225 590 1389 657 Germani

225 703 356 792 lapides
379 705 571 787 coluerunt,
596 706 687 794 quod
711 705 865 773 iudicare
885 705 1134 791 mihividetur,
1147 705 1240 773 hunc
1253 725 1391 793 quoque

226 829 358 897 cultum
403 830 473 897 iam
518 835 706 918 antequam
750 850 768 896 e
810 830 924 918 patria
956 830 1133 897 communi
1163 829 1390 911 discederent,

226 953 318 1042 apud
341 953 634 1022 Indo-Germanos
657 954 818 1043 viguisse.

677 1258 856 1327 olPU'r
881 1259 943 1325 vl.

230 1453 302 1543 Qua
325 1454 382 1521 via
401 1472 442 1519 ac
460 1454 599 1520 ratione
620 1454 712 1537 apud
725 1453 876 1522 Graecos
888 1455 1026 1538 priseae
1039 1454 1105 1519 hae
1118 1453 1392 1552 superstitiones

284 1579 456 1661 paulatim
479 1580 691 1646 obliteratae
716 1581 790 1646 sint
812 1581 917 1661 atque
941 1579 1336 1663 anthropomorphismo

339 1704 526 1786 cesserint,
549 1705 587 1769 in
612 1706 764 1786 quinque
789 1704 999 1786 quibusdam
1023 1722 1144 1771 rerum
1167 1723 1282 1771 sacra·

267 1800 270 1805 Ι
324 1887 329 1897 ,
435 1848 515 1894 rum
538 1830 727 1911 generibus
751 1831 952 1914 conspicua,
977 1831 1181 1914 exponitur.

274 2023 292 2105 ἕ
315 2019 369 2087 40.
394 2021 605 2090 Graecorum
630 2006 739 2111 igitur
761 2044 909 2112 proavos
929 2024 1116 2113 aliquando
1136 2045 1219 2093 sane
1231 2025 1394 2092 animalia

229 2145 366 2233 plantas
400 2167 485 2214 saxa
516 2147 660 2215 coluisse
683 2149 785 2237 plane
809 2154 954 2217 constat.
979 2150 1052 2216 lam
1077 2170 1157 2217 cum
1182 2170 1292 2239 aeque
1315 2171 1394 2218 cou-

229 2275 298 2337 stet
339 2272 588 2358 posterioribus
628 2274 843 2363 temporibus
885 2274 1034 2342 Graecos
1068 2275 1134 2342 sibi
1155 2275 1250 2368 deos
1283 2276 1394 2343 forma

230 2394 384 2462 humana
415 2396 599 2481 effinxisse,
628 2398 721 2465 haud
745 2398 806 2465 abs
831 2418 869 2465 re
893 2398 959 2465 erit
982 2399 1210 2486 investigare,
1234 2401 1295 2488 qui
1320 2399 1395 2466 fieri

229 2521 383 2608 potuerit
414 2525 453 2590 ut
476 2522 610 2610 priscae
634 2523 699 2591 hae
724 2524 987 2613 superstitiones
1010 2524 1395 2613 anthropomorphismo

230 2646 414 2730 cesserint,
445 2667 516 2734 quo
551 2648 652 2715 modo
685 2648 742 2715 hic
766 2650 894 2716 sensim
918 2649 1105 2737 paulatim,
1129 2654 1309 2737 tamquam
1334 2669 1396 2737 per

230 2769 370 2856 gradus,
395 2771 668 2840 dominationem
692 2775 875 2863 acceperit.

275 2896 293 2979 ἓ
327 2894 382 2962 41.
416 2896 462 2963 Et
482 2898 633 2984 primum
658 2898 798 2986 quidem
823 2899 893 2965 huc
916 2899 1068 2986 pertinet
1089 2897 1143 2981 id,
1167 2896 1260 2985 quod
1283 2896 1396 2984 primo
1418 2990 1421 2995 .

230 3017 319 3086 libro
353 3019 592 3089 demonstrare
626 3031 771 3119 conatus
806 3042 902 3107 sum,
937 3021 1017 3088 deos
1052 3021 1255 3087 excelsiores
1285 3021 1396 3108 gradu

231 3144 373 3231 quidem
408 3151 442 3213 et
473 3146 594 3214 ordine
625 3146 668 3213 ab
692 3144 917 3212 inferioribus
940 3120 1097 3224 differre,
1122 3145 1254 3211 ratione
1278 3148 1396 3211 tamen

232 3274 267 3335 et
300 3276 427 3338 natura
461 3291 529 3338 non
565 3270 720 3355 differre,
747 3270 838 3358 quod
862 3271 1034 3358 imprimis
1058 3268 1204 3357 probare
1228 3270 1396 3367 supersti-

231 3392 343 3460 tiones
379 3393 610 3483 Aegyptiacas
645 3394 852 3482 vidimus1);
886 3395 945 3462 sed
977 3395 1082 3461 etiam
1114 3393 1246 3460 Graeca
1276 3393 1397 3482 religio

232 3611 444 3619 ———·—--—-—

233 3761 415 3828 Aquilioium,
440 3757 539 3813 Rhein.
565 3759 635 3811 Mus.
658 3762 734 3824 1895,
754 3763 806 3810 484
826 3775 901 3828 sqq.;
921 3759 955 3813 H.
975 3761 1088 3826 Usener,
1108 3760 1207 3812 Rhein.
1224 3760 1294 3811 Mus.
1316 3763 1397 3822 1895,

234 3852 293 3902 147.
313 3849 410 3916 Populi
430 3849 557 3900 nonnulli
578 3848 705 3924 hodierni
727 3850 873 3900 ceraunius
893 3865 962 3914 quae
981 3849 1111 3900 dicuntur
1132 3849 1206 3915 (vide
1225 3849 1286 3901 Lib.
1303 3849 1397 3915 1533)

233 3940 344 4006 pluvias
371 3938 471 3989 elicere
500 3954 577 4004 posse
603 3938 779 4002 existimant,
798 3942 868 3990 teste
887 3938 1029 3990 Wilkenio
1049 3938 1229 4004 (Animisme,
1250 3938 1310 3989 Iud.
1330 3937 1397 3989 dius

235 4031 302 4079 1884
328 4031 393 4079 tom.
420 4030 480 4093 lp.
501 4029 562 4093 76).·
583 4027 653 4094 „Wij
675 4027 776 4078 vindan
796 4028 848 4078 ool<
867 4028 1004 4092 rermeld,
1023 4028 1071 4079 det
1090 4029 1122 4095 aij
1145 4028 1195 4079 wel
1215 4044 1277 4079 eeus
1296 4043 1397 4095 aenge-

233 4116 313 4167 wend
340 4115 465 4181 worden,
494 4131 537 4166 om
557 4116 591 4183 bij
612 4117 840 4185 grootedroogte
859 4134 943 4185 regen
962 4121 989 4168 te
1009 4117 1183 4169 verwelrken.
1203 4116 1321 4167 Daartoe
1340 4131 1397 4167 om-

234 4205 350 4257 wikkelt
369 4221 431 4256 men
450 4204 502 4256 den
521 4208 597 4256 steen
617 4209 672 4257 met
691 4206 788 4257 zekero
808 4206 938 4257 bladeren
957 4223 990 4257 en
1010 4206 1068 4273 legt
1086 4188 1150 4257 hem*
1169 4207 1198 4256 in
1218 4222 1267 4256 een
1284 4208 1331 4271 pot
1341 4209 1397 4255 met

234 4297 328 4359 water,
347 4294 410 4345 dien
431 4310 492 4344 men
512 4293 558 4345 des
578 4295 675 4345 naehts
694 4311 728 4361 op
747 4295 794 4346 het
813 4295 858 4346 erl
876 4295 987 4362 pleatst.
1006 4294 1066 4346 Ook
1085 4295 1119 4362 bij
1141 4294 1174 4345 de
1193 4291 1395 4345 Niasierswor-

234 4384 287 4435 den
306 4383 339 4434 de
358 4383 575 4435 dondersteenen
594 4383 725 4451 gebruilrt
744 4400 788 4434 om
808 4382 841 4435 de
860 4384 968 4435 wolken
987 4387 1015 4435 te
1034 4382 1201 4435 bezweren.'¹

272 4472 291 4540 ¹)
310 4472 382 4524 Vide
401 4472 461 4524 Lib.
482 4473 495 4523 I
516 4468 681 4540 §5'15-17.
