3442 5175
849 368 912 436 ubl

295 567 356 655 qui
397 568 470 655 ipse
512 565 661 644 animal,
699 571 736 633 et
773 564 898 632 deinde
937 564 1141 632 animalium
1184 564 1294 632 tutela
1328 566 1473 649 fuisset,

294 691 483 758 eorundem
504 690 710 758 animalium
730 690 1016 778 interemptorem
1037 689 1168 758 factum
1190 710 1273 757 esse.
1294 690 1473 759 Ἀπόλλων

293 821 491 894 Λυκοκιόνος
531 837 552 882 a
591 816 702 903 poetis
739 814 915 882 nonnullis
953 814 1225 902 nuncupabatur
1242 815 1280 902 1).
1319 814 1473 903 Sicyone

295 940 468 1009 Ἀπόλλων
498 946 615 1020 Λύκιος
645 940 745 1028 lupos
770 959 893 1027 greges
924 938 1140 1007 trucidantes
1171 959 1310 1007 necasse
1341 961 1471 1007 narra-

293 1065 398 1132 batur
412 1066 437 1150 1)
470 1064 613 1132 Servius
626 1065 654 1154 1)
678 1062 930 1153 »Apollinem”,
953 1063 1087 1150 inquit,
1112 1063 1279 1151 »Lycium
1300 1064 1474 1152 appellari

294 1190 457 1258 dicunt..
474 1238 504 1255 ..
539 1189 582 1256 de
615 1189 709 1278 Lyco
741 1209 846 1277 quern
879 1188 1036 1255 vicit...
1067 1189 1140 1256 sive
1164 1188 1257 1277 quod
1284 1190 1472 1277 pastoralis

294 1314 379 1383 deus
401 1314 501 1404 lupos
523 1313 779 1382 interemerit.”

337 1448 494 1529 Ἄρτεμις,
519 1439 616 1507 Elide
641 1442 828 1527 Ἐλαφιαεα
841 1439 890 1525 1),
912 1437 1094 1527 Olympiae
1116 1439 1262 1525 Ἐλαφεα
1275 1438 1304 1526 5)
1326 1444 1470 1517 vocata,

294 1566 495 1655 saepissime
519 1564 791 1652 Ἐλαφηβόλοςθ)
813 1562 1101 1653 nuncupabatur3
1116 1562 1237 1651 priscis
1249 1564 1471 1651 temporibus

294 1691 369 1779 ipsa
399 1709 519 1774 cerva,
543 1695 663 1777 postea
687 1708 806 1755 cervos
829 1688 951 1755 venari
975 1687 1191 1755 credebatur.
1217 1695 1376 1774 Διονύσῳ,
1401 1689 1472 1776 ipsi

294 1834 416 1902 capro,
442 1814 575 1881 Potniis
598 1819 778 1899 Αἰγοβόλος
801 1832 993 1900 cognomen
1016 1817 1091 1914 erat
1105 1812 1141 1896 ⁷),
1167 1816 1202 1878 et
1222 1832 1327 1900 capra
1346 1812 1379 1878 ei
1398 1812 1470 1878 im-

294 1937 417 2005 molari
456 1937 587 2005 solebat
600 1939 642 2021 1);
675 1943 792 2024 ‘Eadm
822 1947 1024 2023 κυνοσφαγής
1054 1935 1301 2004 nominabatur
1313 1937 1355 2025 ⁹),
1387 1936 1472 2004 licet

293 2064 369 2151 ipsa
393 2062 489 2130 carris
512 2061 634 2129 fuisset
648 2061 698 2146 11).

339 2189 357 2275 ᾗ
380 2187 433 2254 78.
466 2185 553 2253 Aliis
584 2206 724 2274 quoque
750 2184 860 2253 modis
885 2186 992 2262 ratio,
1016 2206 1105 2274 quae
1129 2186 1221 2253 inter
1245 2185 1411 2252 animalia
1434 2192 1472 2253 et
1549 2271 1551 2276 Ι

294 2312 376 2380 deos
390 2310 639 2393 intercedebat,
655 2310 868 2393 mutabatur3
885 2310 978 2377 velut
992 2317 1139 2400 Ἄρτεμις
1153 2317 1265 2400 Tappo
1279 2311 1333 2397 11),
1347 2341 1472 2401 ταυρω-

293 2447 353 2516 πός
366 2438 417 2520 11),
450 2445 688 2525 ταυρεόμορφος
702 2433 754 2522 11),
788 2454 913 2521 quarn,
945 2434 1026 2501 olim
1050 2441 1214 2518 taurum,
1238 2439 1316 2522 post
1342 2441 1471 2523 Ταυρο-

293 2568 398 2631 πόλον
412 2561 452 2647 11)
487 2560 560 2628 sive
597 2566 812 2648 Ταυροπόλαν
847 2558 1037 2646 vocabant,
1074 2565 1181 2648 atque
1204 2564 1306 2627 tauro
1329 2565 1472 2627 vectam

294 2685 508 2775 effingebant
525 2685 578 2774 11).

294 2897 508 2906 *—

332 3040 351 3106 1)
373 3038 456 3106 Sopb.
475 3037 517 3090 El.
538 3041 567 3102 63
587 3037 622 3088 of.
643 3035 765 3103 Heoyoh.
786 3052 806 3086 a.
819 3053 844 3086 v.
865 3034 1045 3100 Λυκοκιόνος
1065 3037 1091 3086 et
1111 3033 1294 3087 Λυκοκτόνου
1311 3032 1399 3085 otoo:
1415 3037 1475 3099 „ori

294 3129 399 3194 καλῶς·
420 3130 478 3180 ἐστὶ
498 3129 552 3197 γὰρ
572 3130 586 3178 ὁ
607 3125 698 3191 λύκος
718 3125 797 3195 ἱερὸν
816 3123 1034 3189 Ἀπόλλωνος,”

331 3218 351 3282 1)
372 3217 454 3268 Pauo.
475 3217 505 3267 II
526 3220 550 3280 9,
572 3219 595 3267 7.

330 3306 350 3368 1)
370 3305 445 3356 Serv.
466 3307 535 3356 Aen.
555 3304 597 3355 IV
617 3304 677 3354 377.

330 3396 351 3460 1)
369 3396 450 3445 Pauu.
471 3394 513 3445 VI
534 3396 576 3458 22,
600 3395 640 3443 10.

330 3485 341 3516 ⁵
372 3483 463 3535 Strab.
482 3483 558 3534 VIII
579 3485 640 3534 528.

371 3842 464 3892 Tzetz.
485 3840 514 3889 in
535 3838 657 3905 Lycoph.
680 3838 722 3888 77.

384 3928 457 3980 Vide
474 3927 535 3979 Lib.
556 3927 586 3977 II
608 3930 620 3991 g
640 3928 701 3978 267.

345 4020 352 4049 1
383 4017 504 4085 Hesyob.
522 4032 543 4067 u.
561 4032 585 4066 v.
608 4014 719 4085 Ταυρώ.

332 4107 352 4138 11
384 4105 459 4157 Suid.
480 4122 500 4157 s.
518 4122 542 4156 r.
566 4102 731 4173 Taopwadg.

332 4196 365 4265 ¹³)
385 4195 487 4263 Hymn.
507 4193 580 4259 Meg.
599 4192 628 4242 in
649 4192 729 4242 Dion.
750 4193 784 4242 23
803 4193 939 4259 Wessely.

333 4284 363 4350 ¹⁴)
383 4283 455 4335 Vide
484 4281 671 4345 Bruehmann,
700 4281 834 4347 Epitheta
859 4281 980 4332 Deorum
1000 4284 1042 4345 50,
1061 4281 1105 4334 Et.
1124 4282 1160 4333 M.
1181 4299 1201 4333 s.
1221 4298 1246 4333 r.
1269 4280 1474 4351 Ταυροπόλον,

294 4373 415 4441 Heuyoh.
437 4388 493 4423 nv.
516 4368 705 4440 Ταυροπόλια
725 4372 793 4435 etu.;
814 4370 848 4421 of.
870 4370 930 4422 Lib.
950 4370 981 4421 ΙΙ
1002 4373 1014 4435 ξ
1035 4373 1094 4422 272.

332 4462 363 4528 11)
384 4460 426 4514 df.
446 4474 572 4512 nummos
592 4458 842 4526 Amphipolitanos,
862 4458 922 4510 Lib.
942 4459 973 4510 II
995 4462 1007 4526 ξ
1027 4461 1087 4511 272.
