3442 5175
296 546 388 613 inter
407 544 494 613 duas
515 544 711 628 columnas3
732 545 948 633 adscriptum
968 550 1038 613 est:
1063 551 1214 624 AOXIA3
1235 548 1323 615 alter
1347 550 1468 637 cippus

297 688 393 736 ramo
428 668 547 735 laureo
583 673 728 735 ornatus
759 674 829 752 est,
862 666 951 734 alter
981 669 1086 750 vitta,
1111 670 1382 757 quamobrem
1410 692 1468 739 eos

296 795 459 881 Ἀρτέμιδα
482 796 518 857 et
540 794 730 859 Ἀπόλλωνα
752 796 1016 880 repraesentare
1039 794 1114 859 veri
1139 793 1251 860 simile
1272 799 1334 860 est.
1356 794 1468 861 llillin

296 916 370 983 Gal.
394 916 505 1003 myth.
529 914 661 998 XXIV,
685 914 768 997 119;
789 915 968 982 Botticher
992 915 1048 1003 fig.
1068 914 1113 982 53
1136 936 1173 1001 e,
1193 937 1226 1003 p.
1247 915 1300 982 78.

341 1038 504 1106 Welckcr
536 1038 589 1124 (G.
615 1038 654 1105 G.
678 1038 693 1104 I
717 1037 797 1122 221)
828 1037 985 1125 loquitur
1012 1038 1054 1105 de
1079 1039 1233 1106 nummis
1257 1038 1468 1127 quibusdam

296 1162 442 1251 Illyrici,
473 1162 569 1230 urbis
600 1162 714 1251 Epiri,
746 1183 833 1250 quos
862 1165 1039 1252 Ἀρτέμιδος
1068 1167 1103 1228 ct
1126 1165 1328 1243 ’Λπόλλωνος
1350 1164 1469 1251 cippos

296 1286 459 1354 exhibere
492 1285 594 1371 dicit,
633 1286 837 1353 Eckhelium
873 1289 1053 1353 auctorem
1087 1285 1253 1368 laudans;
1289 1285 1468 1353 Overbcck

295 1409 533 1477 Welckerium
564 1410 724 1497 sequitur
738 1410 773 1492 1).
802 1407 975 1497 Equidem
1002 1428 1115 1496 neque
1138 1409 1175 1475 iu
1201 1408 1357 1475 Eckhelii
1380 1407 1468 1475 libro

294 1532 368 1600 loco
388 1531 528 1600 laudato
549 1532 626 1616 (Vll
646 1530 681 1618 9)
701 1552 815 1620 neque
835 1531 919 1599 alibi
939 1551 1155 1619 quemquam
1176 1531 1345 1598 eiusmodi
1363 1552 1467 1598 num-

295 1676 392 1724 mum
409 1661 721 1723 commemoratum
733 1656 872 1740 inveni,
893 1656 1002 1722 immo
1013 1675 1096 1722 vero
1110 1654 1335 1722 vehementer
1347 1653 1468 1722 dubito

296 1799 379 1847 num
404 1778 488 1846 urbs
510 1778 570 1846 illa
594 1798 764 1867 umquam
786 1778 971 1846 exstiterit.

339 1904 485 1970 Nummi
515 1923 655 1991 quoque
684 1903 723 1969 in
745 1902 859 1969 insula
887 1901 954 1968 Ceo
981 1901 1055 1969 cusi
1080 1907 1151 1980 Διὸς
1174 1906 1209 1967 et
1232 1906 1339 1989 Ἥρας
1361 1921 1467 1989 pyra-

295 2026 406 2093 midas
426 2025 647 2110 exhibentes‚
667 2045 754 2113 quos
774 2024 1004 2104 Quatremerc
1016 2025 1059 2091 de
1072 2024 1208 2112 Quincy
1221 2024 1314 2113 (lup.
1328 2025 1467 2114 Olymp.

294 2148 371 2237 11),
391 2149 575 2232 Welckcr,
595 2147 774 2216 Ouerbcck
795 2149 965 2225 atterunt,
985 2150 1117 2237 optimo
1136 2150 1213 2217 iure
1233 2147 1311 2217 aM.
1326 2150 1468 2237 llayero

296 2273 358 2361 (M.
384 2272 421 2338 L.
447 2269 606 2358 1111523)
629 2273 750 2340 reiecti
773 2278 873 2356 sunt3
893 2293 1007 2360 neque
1020 2272 1121 2339 aliter
1132 2271 1175 2339 de
1189 2273 1357 2360 Apterae,
1371 2273 1468 2341 urbis

295 2396 434 2476 Cretae,
466 2396 620 2464 nummis
650 2395 878 2463 iudicandum
910 2400 980 2477 est,
1003 2397 1040 2462 in
1064 2395 1192 2484 quibus
1216 2394 1252 2462 C.
1277 2396 1315 2464 Ο.
1342 2395 1468 2463 M‘uller

295 2520 430 2605 (Dorice
462 2519 476 2586 I
506 2517 590 2599 302,
621 2518 659 2607 l)
692 2526 902 2599 ’Λπόλλωνος
934 2527 1068 2606 cyaneos
1100 2517 1289 2588 obeliscum
1315 2520 1468 2608 conspici

294 2644 471 2731 perhibel3
502 2663 608 2731 quem
638 2662 810 2722 errorem,
833 2643 877 2709 ab
901 2641 1116 2710 Overbeckio
1142 2642 1238 2731 (158)
1261 2649 1296 2712 et
1320 2645 1466 2712 Darem-

294 2766 413 2853 bergio
437 2771 472 2833 el
495 2765 656 2853 Saglione
681 2764 777 2851 (113)
803 2765 974 2847 ascitum,
1002 2771 1121 2833 ortum
1144 2787 1218 2834 esse
1241 2772 1326 2854 puto
1351 2787 1369 2833 e
1392 2767 1467 2834 face

295 2889 486 2978 agonistica
516 2889 606 2956 male
636 2890 886 2976 interpretata,
912 2908 1019 2976 quam
1043 2887 1195 2977 Apterae
1218 2889 1355 2956 nummi
1378 2910 1466 2956 non-

295 3033 489 3101 numquam
512 3013 687 3081 exhibent.
713 3011 881 3079 ennead
904 3011 989 3096 387,
1014 3011 1230 3079 Head-Svor.
1255 3012 1270 3079 I
1293 3010 1370 3079 581.

339 3261 433 3349 538.
460 3259 547 3351 [17].
574 3261 630 3327 De
658 3265 905 3349 Ἀρτέμιὸος
928 3257 1150 3327 obeliscis.

339 3405 371 3452 n.
406 3385 446 3451 Iu
478 3383 554 3451 basi
585 3403 781 3450 marmorea
813 3381 1057 3466 Hcllenistica,
1088 3384 1125 3450 in
1156 3385 1317 3461 Vaticani
1348 3405 1467 3453 museo

296 3513 449 3587 servata,
486 3527 593 3574 conus
623 3508 696 3575 sive
727 3507 898 3575 obeliscus
929 3506 1002 3573 basi
1027 3507 1212 3594 impositus
1236 3510 1466 3596 conspicitur,

296 3630 339 3697 ad
371 3650 476 3718 quem
508 3649 639 3697 cornua
670 3631 811 3698 cervina
842 3635 878 3698 et
909 3630 1049 3698 frondes
1076 3631 1165 3699 miro
1188 3632 1340 3719 quodam
1367 3632 1467 3700 modo

296 3758 474 3821 consertae
496 3754 622 3822 taeniis
642 3755 803 3844 alligatae
823 3761 916 3824 sunt.
937 3755 1148 3823 Boetticheri
1167 3754 1265 3843 (537,
1286 3755 1328 3822 cs.
1341 3755 1385 3822 69
1398 3757 1466 3844 sq.)

297 3882 331 3943 ct
361 3877 567 3945 Overbeckii
591 3876 686 3967 (159)
711 3879 873 3967 opinione
901 3882 1048 3969 ’Ἄρτεμις
1071 3898 1111 3945 eo
1137 3878 1238 3946 modo
1262 3899 1466 3967 repraesen-

295 4005 409 4079 tatum
435 4001 528 4089 quod
555 4005 692 4069 rectum
712 4002 871 4086 videtur,
896 4023 978 4070 nain
1002 4002 1144 4090 saepius
1167 4001 1254 4070 tales
1278 4004 1422 4071 exuvias
1446 4023 1467 4069 a

335 4316 354 4381 1)
374 4315 465 4365 Etiam
489 4314 520 4382 in
544 4314 672 4367 Daremb.
698 4318 725 4366 ct
745 4315 819 4382 Sagl.
839 4316 906 4366 Vno.
927 4332 947 4367 s.
968 4331 993 4366 v.
1013 4315 1100 4383 Argoi
1120 4315 1229 4382 Lithoi,
1249 4333 1275 4383 p.
1295 4319 1362 4381 413,
1381 4315 1466 4367 iidem

298 4404 403 4455 nummi
424 4403 610 4456 commenticii
629 4406 885 4455 commemorantur.
