3442 5175
798 397 864 467 109

244 597 394 674 μνήματι·
426 599 481 655 νοῦ
510 599 635 675 καρποῦ
658 591 691 654 δὲ
714 595 802 666 ὄντος
824 596 945 677 ὡραίου
968 590 1169 675 (διαρρήξαντί
1193 612 1243 654 σοι
1267 596 1301 654 τὸ
1323 594 1409 666 ἐκτὸς

245 719 363 781 λοιπόν
385 720 469 781 ἐστιν
492 720 595 801 εὑρεῖν
617 720 652 778 τὸ
674 714 767 779 ἔνδον
790 722 901 795 αἵματι
924 718 1065 799 ἐμφερές.

290 940 308 1029 5
330 939 405 1011 129.
431 940 496 1032 [2].
521 941 569 1009 ln
593 941 871 1011 Chersoneso
892 940 1127 1025 Thracica,
1148 961 1197 1008 ex
1217 940 1407 1009 adverso

245 1063 322 1132 Ilii
344 1066 540 1152 (Protesilai
559 1065 725 1154 arbores).

291 1190 377 1259 Plin.
414 1191 456 1258 H.
491 1191 534 1258 N.
564 1190 645 1258 XVI
676 1188 729 1259 88.
760 1189 849 1258 Sunt
870 1189 971 1257 hodie
994 1209 1035 1257 ex
1059 1189 1204 1257 adverso
1229 1189 1405 1258 Iliensium

245 1314 360 1395 urbia,
396 1316 495 1383 iuxta
519 1314 799 1404 Hellespontum,
822 1316 858 1382 in
885 1312 1064 1381 Protesilai
1088 1312 1245 1402 sepulcro
1268 1313 1407 1381 arbores

244 1459 335 1526 quae
359 1439 520 1508 omnibus
543 1439 655 1524 aevia,
679 1459 789 1528 quum
813 1438 848 1504 in
872 1441 1012 1505 lantum
1031 1457 1229 1522 accrevero,
1250 1442 1290 1506 ut
1302 1437 1404 1505 Ilium

249 1562 461 1653 adspiciam,
483 1564 701 1649 inarescunt,
724 1582 915 1650 rursusque
938 1560 1148 1630 adolescunt.

289 1686 338 1755 uf.
362 1686 523 1756 Philoslr.
551 1688 684 1757 Heroic.
707 1686 746 1769 2,
769 1686 801 1755 1.

288 1917 404 2008 [130.
428 1918 492 2011 [3].
517 1919 593 1988 Ilii
617 1919 672 2006 (lli
694 1921 867 2008 quercus).

288 2042 375 2113 Plin.
400 2043 456 2113 l.l.
477 2044 580 2113 quta
602 2045 725 2113 urbem
749 2049 867 2112 aulem
892 2063 1040 2132 quercus
1063 2043 1099 2110 in
1119 2042 1404 2111 Ilitumulotunc

246 2174 340 2237 satae
363 2168 547 2254 dicuntur,
571 2189 680 2258 quum
703 2169 815 2258 coepit
837 2168 939 2236 Ilium
963 2169 1088 2237 vocari.

287 2293 336 2361 ef.
361 2293 534 2383 Theophr.
559 2292 602 2360 Η.
626 2292 664 2360 Ρ.
688 2292 736 2360 IV
760 2291 821 2378 13,
843 2291 876 2360 9.

287 2524 304 2614 ξ
327 2523 388 2595 131
418 2523 483 2616 [4].
508 2523 556 2593 ln
575 2524 715 2593 Ponto
739 2523 879 2615 (Amyci
903 2525 993 2615 regis
1016 2524 1161 2615 laurus).

286 2650 374 2719 Plin.
400 2650 442 2717 H.
466 2649 509 2717 N.
532 2648 612 2716 XVI
636 2647 690 2716 89.
714 2648 754 2716 ln
778 2649 898 2717 eodem
922 2655 1037 2719 tractu
1060 2656 1181 2739 portus
1206 2649 1328 2738 Amyci
1339 2650 1403 2718 'esi

243 2773 396 2864 Bebryca
430 2793 511 2862 rege
545 2772 727 2840 interfecto
758 2772 881 2842 clarus,
914 2774 997 2843 Eius
1020 2774 1177 2843 tumulus
1200 2796 1221 2842 a
1241 2795 1402 2863 supremo

242 2898 297 2967 die
331 2899 451 2968 laurus
484 2898 632 2987 tegitur,
667 2918 773 2987 quam
802 2899 961 2968 insanam
995 2905 1136 2983 vocant;
1167 2900 1350 2989 quoniam,
1373 2900 1402 2966 si

242 3023 325 3112 quid
349 3044 391 3092 ex
411 3044 452 3092 ea
474 3023 675 3112 decerptum
696 3022 866 3092 inferatur
885 3023 1281 3114 navibus,iurgiasranl,
1294 3024 1402 3092 donec

241 3147 434 3216 obiiciatur.

286 3272 334 3340 Cf.
364 3272 459 3340 Dion.
484 3272 565 3362 Byz.
588 3293 621 3362 p.
644 3272 689 3340 30
712 3273 729 3363 5
751 3272 796 3341 95
816 3273 1150 3360 (Wescher),Schol.
1164 3274 1275 3364 Apoll.
1291 3273 1400 3343 Rhod.

241 3393 273 3464 Il
304 3395 388 3482 159,
414 3397 551 3465 Arrian.
577 3396 703 3488 Peripl.
726 3398 764 3465 P.
788 3397 875 3467 Eur.
898 3396 959 3483 37,
985 3398 1102 3488 Stepb.
1126 3399 1207 3487 Byz.
1229 3422 1256 3468 s.
1281 3405 1401 3488 Δάφνη.

284 3521 371 3590 Vide
394 3524 466 3608 Ἑρ.
491 3525 578 3612 Ἀρχ.
603 3520 693 3591 1889
715 3523 786 3592 tab.
805 3521 837 3590 ll
866 3521 927 3610 12,
948 3523 1252 3613 p.90:nummum
1265 3525 1400 3613 Byzan-

241 3646 356 3714 tinum
380 3646 518 3716 laurum
532 3647 715 3733 exhibens3
734 3649 856 3716 cistam
870 3649 1141 3733 Praenestinam,
1155 3650 1400 3719 muller-Wie-

241 3771 328 3840 seler
351 3772 497 3841 Denkm.
523 3773 538 3840 Ι
561 3771 622 3854 61,
645 3771 727 3841 309;
753 3773 965 3863 Polydeuces
986 3774 1159 3865 Amycum
1179 3776 1222 3844 ad
1241 3775 1399 3845 arborem

242 3895 370 3987 alligat.

240 4133 375 4185 terrarum
393 4130 505 4186 arbores
523 4131 553 4184 in
572 4132 687 4186 tumulis
705 4136 849 4200 seruntur,
867 4148 921 4186 non
937 4135 968 4186 ul
984 4133 1093 4188 animae
1109 4134 1138 4188 in
1148 4133 1236 4205 hortis
1246 4138 1398 4202 versentur,

240 4219 287 4273 sod
305 4223 337 4274 ul
355 4220 385 4273 iu
400 4219 546 4273 arboribus
565 4220 633 4289 ipsis
650 4203 785 4275 habitent.

275 4310 315 4362 Do
340 4311 392 4363 hoo
419 4326 493 4363 moro
522 4310 596 4379 apud
624 4313 729 4365 veterae
753 4312 788 4365 of.
814 4310 934 4365 Baition.
961 4328 1020 4381 cap.
1040 4313 1111 4367 XIX
1131 4318 1207 4368 5-9.
1228 4315 1270 4369 Of.
1289 4316 1397 4369 Aulion.

239 4399 272 4452 V.
293 4400 327 4453 H.
347 4397 372 4453 V
391 4402 438 4453 17:
458 4399 522 4453 ’Ότι
541 4405 674 4453 τοσοῦτον
690 4403 727 4471 ῆν
745 4400 915 4471 Ἀθηναίοις
934 4401 1158 4474 δεισιδαιμονίας
1168 4404 1244 4472 εἴτις
1254 4404 1399 4476 πρινίὸιον

239 4490 376 4561 ἐξέκοψεν
393 4491 426 4558 ἐξ
442 4491 546 4561 ἡρῴου,
564 4491 735 4545 ἀπέκτειναν
752 4492 845 4546 αὐτόν.
