3442 5175
828 403 874 471 53

314 598 480 675 Quamuis
519 598 710 665 Pausanias
744 618 814 665 non
849 598 988 665 disertis
1023 598 1138 665 verbis
1173 597 1283 682 dicat,
1318 600 1437 687 cippos

270 720 345 787 illos
378 725 460 788 ante
495 740 593 787 aram
623 721 752 809 positos
775 740 838 808 pro
863 720 918 787 dei
942 719 1137 788 simulacris
1160 722 1284 807 fuisse,
1309 743 1436 811 magna

269 848 388 910 tamen
423 864 504 911 cum
538 843 784 932 probabilitate
818 842 989 910 coniicere
1024 863 1226 931 possumus,
1257 864 1332 911 rem
1362 866 1436 914 sese

269 968 319 1034 ita
352 966 526 1035 habuisse.
562 965 652 1044 Quid
687 967 800 1050 enim,
835 986 981 1054 quaese,
1016 966 1111 1034 aliud
1146 967 1327 1036 columnae
1357 969 1436 1037 illae

270 1090 467 1179 significare
498 1093 689 1178 potuerunt
719 1090 786 1156 nisi
819 1095 890 1169 Διὸς
919 1095 983 1175 ἕδη,
1015 1093 1096 1156 ante
1120 1090 1219 1157 ouius
1242 1111 1340 1157 aram
1363 1096 1436 1159 sta-

269 1212 378 1280 bant‘l
409 1211 506 1290 Quod
539 1212 726 1299 quominus
756 1212 939 1300 opinemur
970 1211 1097 1300 duplex
1125 1232 1246 1280 earum
1269 1234 1437 1282 numerus

269 1356 339 1402 non
362 1335 494 1415 obstat,
516 1355 599 1401 nam
617 1336 723 1402 etiam
745 1333 827 1402 alibi
846 1335 916 1403 duo
936 1335 1028 1423 cippi
1048 1353 1157 1402 unum
1178 1335 1282 1403 deum
1295 1356 1436 1424 reprae-

269 1458 472 1542 sentabant,
503 1458 599 1526 velut
629 1458 730 1546 Tyri,
762 1458 822 1527 ubi
845 1458 935 1525 duae
957 1465 1081 1545 στῆλαι,
1109 1458 1284 1526 Herodoto
1308 1459 1354 1544 (Il
1378 1459 1435 1545 44)

269 1586 304 1648 et
322 1581 467 1649 Philone
487 1580 609 1669 Byblio
626 1582 699 1667 (Fr.
714 1582 755 1648 H.
774 1580 832 1649 Gr.
846 1580 896 1648 Ill
908 1580 988 1665 568)
1000 1581 1165 1667 testibus,
1178 1602 1241 1670 pro
1254 1582 1437 1672 Mellartio

272 1705 336 1772 deo
359 1703 607 1772 adorabantur.

313 1908 330 1995 5
353 1904 407 1973 34.
434 1905 522 1997 [43].
546 1907 696 1996 Cyzici
720 1911 883 1998 (Χαρίτων
902 1906 1064 1975 columna
1086 1907 1241 1996 triplex).

313 2028 455 2097 Anthol.
479 2030 550 2097 Pal.
575 2031 622 2098 Vl
647 2029 723 2098 342.

402 2160 570 2243 Ἀθρησον
593 2160 743 2243 Χαρίτων
765 2165 829 2224 ὑπὸ
852 2160 990 2223 παστάδι
1013 2160 1085 2242 τῇδε
1107 2165 1215 2243 τριήρη

401 2283 536 2365 στηλίδα
558 2291 613 2358 τάς
634 2288 759 2368 πρώτας
782 2286 875 2347 τοῦθ’
896 2282 1075 2362 ὑπόδειγμα
1098 2257 1218 2365 τέχνας·
1246 2279 1248 2281 ’

399 2411 515 2488 ταύτην
537 2413 598 2490 γάρ
620 2403 748 2491 πρώταν
770 2412 842 2470 ποτ’
864 2411 1002 2487 ἐμήσατο
1025 2408 1168 2481 Παλλάς
1194 2409 1322 2492 Ἀθήνη,ι

382 2530 494 2601 Ιτάνδε
515 2533 610 2595 πόλει
634 2533 757 2595 στάλαν
781 2531 986 2596 ἀναδιδοῦσα
1008 2534 1114 2614 χάριν.

403 2655 558 2717 Τοῦνειιεν
581 2659 701 2739 ίιψίστρ
727 2656 896 2739 Τριτωνίδι
914 2661 993 2737 νηὸν
1015 2658 1137 2733 ἔτευξεν

399 2780 540 2854 Κύζικος
562 2779 624 2856 ἅδ’,
650 2785 705 2863 ίρᾷ
726 2786 851 2863 πρῶτον
874 2782 909 2842 ἐν
935 2778 1068 2842 Ἀσιάδα

401 2902 514 2982 δεῖγμά
537 2925 568 2964 τε
591 2910 645 2965 καί
667 2903 819 2975 πλίνθων
840 2902 1045 2985 χρυσήλατον
1066 2907 1183 2981 ἤγαγεν
1206 2904 1312 2984 ἄχθος

402 3025 543 3105 Δελφίδα
565 3033 627 3106 γαῖν
650 3027 759 3106 Φοίβῳ
782 3025 869 3088 τάνδ’
893 3028 1052 3087 ἐνεποῦσα
1073 3028 1179 3107 χάριν.

312 3196 352 3262 In
376 3199 476 3263 textu
496 3195 626 3262 tradito
645 3195 794 3284 legimus
813 3194 940 3291 haecce
959 3194 1067 3262 verba
1086 3194 1254 3262 absurda:
1276 3201 1438 3284 Ἄθρησον

269 3325 419 3409 Χαρίτων
449 3329 512 3388 ὑπὸ
536 3324 675 3388 παστάδι
698 3325 769 3408 τῇδε
791 3329 936 3408 τριήρους
958 3324 1105 3399 στωλίδος
1126 3330 1181 3398 τάς
1201 3328 1326 3408 πρώτας
1345 3324 1438 3388 τοῦθ’

270 3450 448 3530 ὑπόδειγμα
471 3452 590 3531 τέχνας.
612 3442 708 3521 Quae
721 3443 958 3511 Buttmannus
971 3443 1120 3511 correxit
1132 3444 1169 3510 in
1182 3454 1290 3532 τριήρη
1304 3449 1437 3530 στηλίὸα

268 3580 331 3651 ταῖς,
373 3567 546 3655 triplicem
586 3567 786 3636 columnam
820 3568 1094 3656 interpretatuS,
1129 3566 1253 3634 triadis
1287 3573 1437 3656 Χαρίτων

268 3689 477 3778 symbolum.
511 3691 669 3760 Jacobsio
700 3691 888 3759 obscurum
920 3690 1077 3774 videtur,
1109 3689 1152 3756 de
1184 3691 1337 3778 quanam
1361 3696 1436 3758 arte
1479 3682 1480 3685 '

268 3818 410 3900 agatur3
435 3814 598 3902 equidem
621 3819 724 3902 puto,
748 3816 777 3881 si
801 3814 1009 3881 Buttmanni
1034 3815 1235 3882 coniectura
1258 3819 1353 3881 recta
1372 3816 1435 3899 sit,

268 3935 311 4002 de
345 3942 421 4005 arte
456 3938 552 4019 rudi,
585 3939 774 4027 imaginem
805 3938 997 4005 humanam
1021 3937 1178 4005 nondum
1201 3939 1436 4026 exprimente,

269 4082 464 4130 sermonem
494 4063 580 4129 fieri.
612 4061 779 4129 Attamen
808 4080 872 4149 pro
895 4065 989 4127 certo
1013 4064 1185 4143 statuere,
1208 4060 1391 4128 lectionem
1416 4082 1437 4127 a

268 4185 483 4253 Buttmanno
513 4206 656 4275 prorsus
688 4191 845 4253 sanatam
878 4206 970 4270 esse,
1001 4204 1070 4251 non
1100 4185 1230 4267 ausim3
1263 4206 1369 4273 quam
1392 4185 1435 4253 ob

268 4328 342 4374 rem
377 4329 446 4375 non
481 4308 548 4375 nisi
582 4309 784 4377 dubitanter
819 4309 909 4376 hanc
939 4309 1136 4376 columnam
1167 4306 1339 4396 triplicem
1370 4306 1436 4373 hoc

267 4430 343 4498 loco
365 4434 645 4501 commemoravi.
