3442 5175
810 419 854 486 25

236 642 316 689 nam
341 621 370 687 si
393 617 591 707 complures
612 636 878 704 nonnumquam
902 616 1043 685 obelisci
1063 638 1134 685 uno
1157 619 1232 686 loco
1252 619 1410 688 collocati

236 766 346 814 unum
376 744 482 812 deum
507 727 786 831 repraesentasse
810 741 993 827 ridentur,
1017 743 1123 811 talem
1146 744 1409 833 interpretatio·

234 891 315 938 nem
340 869 485 936 minime
509 868 546 935 in
571 886 628 934 eos
653 864 827 954 quadrare
852 882 956 934 nemo
987 886 1057 934 non
1080 867 1186 935 videt.

278 994 296 1082 ξ
319 992 373 1061 30.
398 991 490 1072 Quid
515 991 625 1080 igitur
648 990 691 1057 de
715 989 891 1077 lapidibus
911 991 1055 1074 erectis,
1076 992 1149 1059 sive
1169 992 1316 1061 rudibus
1336 994 1409 1063 sive

233 1119 271 1185 in
305 1117 384 1185 coni
419 1121 482 1184 aut
512 1114 706 1204 pyramidis
735 1118 798 1181 aut
828 1114 986 1182 umbilici
1009 1115 1158 1183 formam
1182 1119 1409 1203 constructis

234 1241 454 1310 statuamus?
497 1240 624 1308 Jevons
638 1238 666 1326 ¹)
704 1238 828 1306 altaria
863 1258 921 1306 eos
956 1238 1039 1307 olim
1074 1240 1180 1309 fuisse
1215 1241 1408 1323 existimat,

234 1387 340 1455 quam
375 1365 575 1453 opinionem
597 1363 748 1430 disertis
783 1362 899 1430 verbis
934 1362 1100 1432 defendit.
1141 1366 1220 1433 Non
1254 1386 1409 1455 semper,

233 1491 366 1580 inquit,
404 1489 556 1558 evolutio
593 1508 682 1577 quae
718 1487 864 1570 dicitur,
900 1487 994 1556 idem
1029 1494 1081 1557 est
1116 1510 1157 1558 ac
1187 1511 1409 1580 progressum

234 1634 499 1704 nonnumquam
531 1612 677 1681 deorum
708 1612 823 1680 cultus
854 1633 875 1679 a
899 1619 994 1681 statu
1017 1614 1218 1682 sublimiore
1242 1615 1286 1683 ad
1310 1616 1408 1683 dete.-

234 1742 361 1809 riorem
388 1740 574 1820 labuntur,
598 1757 668 1827 quo
693 1736 794 1805 modo
818 1737 968 1826 lapidem
992 1739 1053 1828 qui
1077 1737 1160 1806 olim
1183 1739 1308 1807 altaria
1331 1740 1409 1809 fue-

233 1870 334 1950 runt,
364 1862 657 1951 subsequentibus
687 1863 904 1950 temporibus
935 1862 1081 1931 deorum
1112 1863 1237 1932 domus
1264 1864 1319 1932 vel
1342 1865 1409 1953 ipsi
1482 1869 1484 1872 ’

233 1989 289 2056 dei
313 1988 498 2057 habentur.
524 1989 748 2055 Totemorum
772 1986 865 2053 enim
890 1986 1042 2055 cultores
1066 1988 1170 2056 certis
1192 1989 1408 2078 temporibus

234 2113 277 2179 ad
297 2113 449 2201 lapidem
469 2111 645 2201 quendam
666 2116 822 2179 erectum
843 2112 1075 2194 conveniunt,
1096 2117 1136 2180 ut
1148 2113 1278 2180 animal
1291 2133 1408 2181 saero-

233 2240 392 2304 sanctum
412 2237 449 2304 in
470 2255 509 2303 eo
530 2239 683 2303 mactent
704 2241 811 2324 atque
830 2235 956 2304 deinde
969 2236 1170 2320 comedant3
1191 2257 1261 2325 qua
1274 2237 1409 2306 ratione

233 2379 307 2427 sese
338 2381 418 2427 cum
449 2365 580 2428 totemo
611 2351 726 2429 artius
754 2360 965 2450 coniungere
989 2366 1133 2449 putant,
1158 2361 1302 2451 eiusque
1325 2383 1408 2431 san·

233 2486 398 2572 gumein
421 2485 572 2574 lapidem
598 2485 707 2554 elluso
731 2486 836 2555 deum
858 2487 974 2575 ipsum
998 2487 1140 2575 cippum
1163 2488 1295 2555 intrare
1319 2488 1408 2556 exis·

232 2610 370 2678 timaut.
403 2611 497 2679 Haec
527 2612 637 2700 igitur
668 2632 729 2679 ara
760 2632 830 2680 non
861 2612 1074 2700 sempiterna
1102 2613 1158 2680 dei
1182 2613 1323 2697 domus,
1347 2613 1408 2681 sed

233 2736 336 2803 certis
347 2740 485 2804 tantum
500 2735 622 2804 diebus
635 2736 860 2805 sollemnibus
873 2737 948 2804 eius
960 2737 1059 2804 sedes
1071 2737 1230 2834 habetur.
1240 2739 1407 2806 Attamen

233 2860 325 2948 apud
368 2860 452 2928 alios
486 2860 631 2950 populos
666 2861 834 2950 temporis
869 2861 1019 2929 decursu
1052 2862 1142 2929 ritus
1175 2861 1269 2929 illius
1303 2881 1407 2929 verus

233 3004 354 3052 sensus
384 2983 557 3052 oblivione
587 3005 628 3052 eo
661 2986 763 3053 modo
793 3006 978 3075 oppressus
1001 2991 1071 3069 est,
1095 2992 1134 3054 ut
1156 2987 1194 3053 in
1218 3007 1279 3054 ara
1302 2987 1407 3056 deum

232 3128 369 3197 semper
399 3108 577 3195 habitare,
608 3110 694 3197 quin
727 3110 834 3177 etiam
858 3110 1009 3199 lapidem
1033 3111 1138 3178 deum
1162 3110 1277 3200 ipsum
1301 3116 1408 3200 atque

232 3252 401 3322 proavum
425 3253 528 3301 suum
554 3253 628 3301 esse
648 3233 845 3322 opinentur.
868 3233 925 3302 Sic
945 3234 1110 3319 Oneidae‚
1130 3236 1289 3304 homines
1308 3236 1407 3304 rubri

231 3358 269 3425 in
300 3356 462 3425 America
493 3356 710 3443 habitantes,
742 3363 879 3426 certum
910 3358 1086 3448 quoddam
1118 3380 1261 3448 saxum,
1292 3382 1406 3450 aquo

232 3480 402 3568 originem
436 3479 575 3549 duxisse
610 3480 677 3548 sibi
711 3481 893 3566 videntur,
927 3484 983 3572 pie
1015 3489 1245 3567 venerantur,
1278 3486 1407 3574 aliique

231 3604 370 3671 Iudiani
404 3604 497 3672 idem
532 3604 684 3689 faciunt,
720 3606 937 3695 eandemque
971 3609 1254 3694 superstitionem
1277 3609 1405 3681 fovent.

232 3726 362 3795 Omnes
385 3731 503 3794 autem
522 3727 668 3816 populos
680 3728 761 3795 olim
774 3733 987 3798 totemorum
1000 3731 1149 3800 cultores
1161 3732 1268 3801 fuisse
1280 3734 1407 3804 Jevons

232 3871 438 3939 persuasum
451 3851 574 3935 habet3
596 3852 656 3920 ubi
668 3854 777 3941 igitur
788 3852 921 3942 lapides
934 3857 1145 3924 sacrosancti
1158 3857 1333 3928 habentur
1345 3866 1407 3929 aut

232 3995 252 4041 a
272 3975 448 4043 veteribus
467 3976 552 4044 culti
565 3997 639 4045 esse
652 3978 851 4060 traduntur,
864 3979 914 4047 ibi
926 3981 1000 4048 eius
1013 3980 1174 4069 opinione
1186 3983 1406 4052 totemismus

232 4099 404 4168 oblivione
416 4121 601 4190 oppressus
613 4109 719 4192 atque
731 4104 769 4171 in
782 4104 935 4173 deterius
948 4106 1110 4195 delapsus
1122 4109 1406 4196 superstitionem

231 4245 308 4292 eam
341 4224 464 4294 effecit.
496 4227 641 4297 Accedit
664 4230 757 4319 quod
782 4251 884 4319 saepe
908 4252 990 4299 saxa
1013 4231 1073 4300 illa
1096 4233 1203 4301 rubro
1226 4235 1406 4323 pigmento

271 4495 291 4562 ¹)
311 4494 418 4547 Introd.
438 4498 465 4548 to
485 4496 558 4549 Hist.
578 4498 609 4548 of
627 4495 686 4549 Rel.
706 4515 752 4565 pp.
773 4501 923 4551 130-143.
