3442 5175
878 412 923 481 28

312 630 435 677 causas
454 609 595 677 rudium
616 629 780 677 saxorum
799 609 933 677 cultum
953 609 1127 698 peperisse
1148 631 1289 694 censeo;
1313 632 1332 678 e
1353 612 1483 700 quibus

312 733 498 800 adrolitbos
534 733 677 800 minime
708 732 933 821 negligendos
964 752 1038 800 esse
1062 733 1175 800 credo.
1201 735 1365 823 Magnam
1388 742 1483 805 certe

312 855 580 924 admirationem
610 856 770 924 adrolithi
801 857 1002 925 hominibus
1024 857 1171 926 rudibus
1194 879 1331 948 semper
1353 860 1484 928 inferre

313 980 441 1064 solent;
484 1000 598 1070 neque
635 980 747 1082 solum
783 981 1052 1049 admirationem
1086 987 1246 1069 movent,
1281 983 1341 1051 sed
1376 984 1483 1051 etiam

313 1124 479 1193 magnum
515 1106 678 1172 timorem
711 1105 755 1173 iis
784 1106 980 1192 incutiunt,
1011 1105 1097 1193 quid
1129 1106 1277 1192 mirum,
1310 1128 1394 1175 saxa
1423 1106 1484 1174 illa

311 1227 354 1295 de
389 1228 483 1295 coelo
518 1226 658 1316 delapsa
689 1229 876 1296 numinum
908 1229 1130 1317 quorundam
1154 1230 1254 1298 sedes
1276 1231 1423 1299 haberit
1447 1231 1484 1299 si

313 1352 431 1419 omnia
464 1352 655 1440 singularia
689 1353 923 1441 suspicionem
956 1352 1063 1420 talem
1099 1359 1260 1440 movent,
1296 1354 1484 1423 acrolithos

313 1496 452 1566 quoque
486 1482 724 1545 sacrosanctos
757 1497 832 1545 esse
867 1476 1060 1545 existimari
1091 1496 1155 1566 per
1185 1498 1221 1545 se
1252 1477 1482 1567 intelligitur;

313 1600 406 1690 apud
436 1602 600 1691 antiquos
623 1606 742 1670 autem
765 1602 873 1669 etiam
898 1602 1001 1669 aliam
1027 1601 1071 1669 ob
1095 1621 1236 1670 causam
1259 1603 1483 1670 veneratione

312 1726 411 1795 fruiti
447 1747 520 1795 esse
555 1726 737 1794 videntur:
764 1725 885 1793 stellae
909 1726 1003 1794 enim
1028 1726 1220 1794 exstinctae
1244 1726 1484 1812 habebantur,

313 1870 403 1939 quae
445 1849 488 1917 de
529 1849 624 1917 coelo
665 1848 892 1933 decidissent3
928 1849 972 1917 de
1005 1869 1076 1938 qua
1110 1850 1357 1937 superstitione
1392 1849 1484 1917 infra

313 1996 415 2064 agam
429 1977 466 2061 1).
497 1975 577 2043 Sive
607 1979 725 2043 autem
757 1974 882 2042 altaria
913 1974 1079 2062 pristina,
1110 1974 1183 2041 sive
1208 1994 1291 2042 saxa
1314 1972 1485 2062 singulari

313 2099 466 2187 quadam
488 2100 601 2167 forma
623 2098 800 2187 praedita,
825 2098 898 2165 sive
922 2096 1083 2165 adrolithi
1103 2098 1320 2165 venerationi
1343 2104 1425 2167 sunt
1448 2105 1484 2167 et

312 2223 435 2310 priscis
468 2221 686 2311 temporibus
719 2222 880 2307 fuerunt,
915 2241 1052 2309 semper
1082 2221 1126 2288 ad
1156 2222 1382 2290 animismum
1405 2243 1483 2291 eam

311 2347 487 2435 pertinere
517 2367 580 2435 pro
611 2352 706 2414 certo
736 2351 890 2415 statuere
913 2365 1115 2436 possumus
1139 2367 1222 2413 nam
1245 2367 1383 2436 semper
1405 2348 1483 2415 ani·

314 2491 391 2539 mus
414 2472 450 2538 in
473 2471 516 2539 iis
540 2470 659 2539 sedere
682 2471 837 2539 creditur
860 2471 934 2538 sive
957 2453 1197 2539 credebamus

357 2594 375 2683 ξ
398 2593 451 2663 33.
483 2594 582 2673 Quod
605 2595 642 2661 in
665 2594 759 2662 aliud
782 2614 922 2683 quoque
945 2594 1102 2682 lapidum
1126 2594 1349 2663 adoraturum
1373 2617 1485 2686 genus

312 2717 422 2800 cadit,
447 2719 508 2807 qui
528 2720 712 2787 cerauniae
732 2725 912 2788 vocantur.
928 2720 1095 2788 Homines
1107 2721 1202 2787 enim
1214 2721 1340 2789 inculti
1352 2721 1485 2810 lapides

312 2841 389 2910 illos
423 2843 500 2911 ideo
533 2849 704 2933 potestate
738 2845 859 2912 divina
894 2846 1086 2913 instructos
1120 2864 1195 2912 esse
1229 2850 1358 2933 putant
1401 2845 1485 2933 quia

313 2987 434 3036 eorum
459 2969 620 3057 opinione
643 2969 789 3038 fulmine
812 2971 850 3037 in
869 2975 1001 3038 terram
1014 2969 1140 3036 deiecti
1152 2967 1353 3046 sunt;nihil
1365 2973 1485 3036 tamen

313 3093 407 3160 aliud
439 3099 522 3162 sunt
552 3093 619 3161 nisi
642 3106 788 3182 corpora
810 3093 965 3182 lapidea,
991 3113 1081 3183 quae
1103 3092 1321 3181 temporibus
1343 3094 1483 3181 priscis,

312 3237 394 3285 cum
416 3217 575 3285 homines
598 3218 688 3287 aeris
712 3224 774 3287 aut
798 3218 881 3286 ferri
905 3238 1007 3286 usum
1031 3217 1187 3286 noudum
1211 3218 1422 3298 didicerant,
1441 3219 1485 3287 iis

313 3361 376 3430 pro
406 3342 649 3410 instrumentis
680 3347 786 3431 atque
810 3343 935 3424 armis,
959 3342 1165 3431 praesertim
1189 3342 1386 3427 securibus,
1411 3363 1485 3411 esse

313 3464 480 3533 solebant.
504 3465 545 3533 ln
569 3465 668 3533 India
692 3467 838 3556 aliisque
861 3469 896 3533 in
921 3466 1121 3555 regionibus
1145 3486 1284 3535 secures
1295 3466 1383 3534 tales
1394 3466 1484 3555 lapi·

314 3588 398 3657 deae
432 3589 589 3658 fulminis
623 3590 744 3658 dentes
775 3590 967 3675 habentur3
991 3590 1122 3658 fulmen
1146 3591 1240 3657 enim
1264 3595 1387 3658 taurus
1410 3610 1484 3658 esse

314 3714 504 3802 dentesque
537 3735 617 3783 suas
651 3715 689 3782 iu
722 3715 856 3783 tonitru
893 3715 1053 3803 mugiens
1087 3715 1124 3781 in
1159 3720 1292 3783 terram
1331 3713 1483 3801 defigere

313 3845 459 3929 putatur
468 3840 510 3926 ²),
547 3860 654 3928 quam
689 3839 732 3908 ob
761 3859 834 3906 rem
860 3839 1094 3908 instrumenta
1118 3838 1178 3905 illa
1201 3838 1339 3926 lapidea
1362 3838 1485 3906 incolis

314 3964 469 4032 divinam
492 3965 564 4031 vim
577 3964 706 4032 habere
718 3970 753 4032 et
764 3969 946 4051 tamquam
959 3963 1076 4032 fetissa
1088 3963 1243 4051 singulos
1256 3968 1291 4031 et
1304 3964 1485 4031 universas

352 4217 371 4281 ¹)
391 4216 462 4268 Vide
482 4215 542 4268 Lib.
562 4216 610 4267 III
630 4218 644 4282 §
665 4220 689 4267 3.

350 4304 371 4371 ²)
400 4304 442 4356 of.
468 4304 592 4371 Wilken,
617 4304 770 4357 Animisme
797 4322 822 4371 p.
844 4307 910 4368 1353
930 4304 1056 4371 Semper,
1076 4303 1128 4355 Die
1146 4302 1328 4370 Philippinen
1347 4302 1405 4354 und
1423 4303 1484 4353 ihre

314 4394 466 4446 Bewohner
486 4380 537 4461 pp.
563 4397 592 4445 6]
622 4410 677 4462 sq.;
702 4393 849 4459 Imbbook,
875 4392 1046 4445 Prehistorio
1071 4393 1152 4445 times
1178 4410 1204 4460 p.
1224 4394 1291 4457 4273
1311 4391 1485 4459 Rumphiue,

314 4482 527 4536 d’Amboinscbe
547 4482 753 4535 rariteitkamer
772 4499 817 4550 pp.
838 4485 890 4534 207
909 4498 949 4550 sq.
