3442 5175
803 422 846 489 17

282 618 375 708 §lo
410 619 510 698 Quod
541 620 570 687 si
593 640 715 687 verum
740 624 806 704 est,
830 619 966 687 facilius
988 617 1182 707 intelligere
1205 639 1407 707 possumus,

237 744 321 811 deos
345 744 550 812 excelsiores
573 764 654 812 cum
676 744 901 813 inferioribus
924 744 1091 812 conflatos
1115 764 1198 812 esse.
1224 744 1293 810 Fac
1322 765 1353 810 r.
1379 764 1407 810 c.

237 869 365 937 alicubi
397 869 561 936 animalia
593 868 765 958 quaedam
797 873 859 936 aut
883 868 1020 956 plantas
1045 869 1261 936 venerationi
1283 868 1407 950 fuisse,

236 995 286 1061 ita
330 995 472 1083 quidem
508 999 547 1062 ut
585 994 733 1061 daemon
768 993 912 1081 quidam
944 1012 1140 1080 anonymus
1174 993 1211 1059 in
1246 992 1409 1060 universa

237 1119 441 1186 animalium
483 1123 545 1186 aut
582 1117 781 1207 plantarum
818 1118 932 1205 specie
963 1117 1080 1204 aliqua
1112 1116 1228 1184 sedem
1260 1117 1407 1199 habere,

236 1245 298 1307 aut
331 1241 368 1307 in
403 1241 540 1329 singulo
575 1241 718 1308 animali
749 1242 822 1308 sive
853 1241 973 1328 planta
1004 1240 1163 1308 habitare
1188 1240 1407 1324 crederetur3

235 1364 304 1430 iam
335 1365 572 1433 introducitur
602 1380 713 1432 novus
744 1364 829 1432 deus
863 1364 1116 1432 excelsissimus
1140 1364 1275 1432 coelum
1300 1364 1407 1432 solem

155 1535 158 1538 -
235 1488 355 1556 lunam
386 1494 518 1557 terram
551 1489 731 1569 habitans3
760 1509 841 1556 mox
872 1489 987 1575 prisca
1016 1487 1075 1555 illa
1103 1489 1408 1577 superstitiosum

235 1633 324 1682 novo
348 1614 445 1682 cultu
468 1634 509 1682 eo
529 1614 631 1682 modo
651 1613 841 1697 conflatur,
863 1619 902 1680 ut
923 1613 1008 1680 deus
1029 1612 1184 1680 excelsus
1197 1634 1288 1681 unus
1301 1619 1407 1700 atque

235 1738 327 1806 idem
351 1739 523 1808 habeatur
546 1760 587 1807 ac
611 1745 711 1806 vetus
735 1739 793 1806 ille
814 1739 977 1820 daemon3
999 1758 1104 1825 quem
1125 1758 1187 1826 per
1205 1742 1258 1806 tot
1270 1738 1408 1805 saecula

235 1883 449 1952 anonymum
474 1864 674 1949 coluerunt,
698 1864 773 1931 eius
797 1883 925 1931 nomen
949 1862 1092 1930 tandem
1117 1863 1318 1951 cognovisse
1341 1863 1408 1930 sibi

235 1987 407 2055 videntur.
444 1986 543 2066 Quod
574 1987 729 2076 profecto
760 2007 830 2054 non
863 1985 1025 2054 fecissent
1057 1992 1119 2053 aut
1146 1985 1268 2054 saltem
1294 1985 1407 2052 facere

233 2111 275 2178 iis
305 2111 421 2180 minus
451 2112 488 2178 in
512 2117 678 2201 promptu
701 2112 841 2192 fuisset,
866 2112 895 2179 si
919 2111 1001 2179 deos
1025 2110 1189 2179 coelestes
1212 2115 1339 2178 natura
1363 2111 1407 2178 ab

233 2235 455 2304 inferioribus
477 2236 581 2325 plane
605 2235 745 2304 differre
767 2236 1006 2304 credidissent.

277 2360 294 2448 ἕ
317 2359 371 2427 ll.
397 2362 542 2429 Praeter
562 2362 732 2431 Graecam
753 2362 957 2450 religionem
979 2361 1214 2450 Aegyptiacae
1233 2363 1406 2451 imprimis

233 2486 497 2574 superstitiones
517 2488 685 2576 probant,
707 2508 814 2576 quam
834 2492 930 2554 arcte
951 2487 1154 2555 excelsiores
1174 2487 1216 2554 de
1229 2487 1295 2554 diis
1307 2487 1406 2555 ideae

233 2631 312 2679 cum
355 2611 580 2680 inferioribus
622 2613 846 2680 cohaereant:
886 2611 1031 2698 Isidem,
1067 2613 1168 2680 deam
1204 2613 1404 2699 coelestem,

233 2734 345 2803 forma
379 2756 506 2805 vaccae
537 2736 672 2804 coelum
703 2742 967 2824 repraesentare
998 2737 1204 2822 credebant,
1236 2742 1297 2804 aut
1327 2757 1404 2804 eam

232 2860 344 2948 capite
368 2860 511 2928 vaccino
535 2859 766 2949 effingebant3
788 2861 869 2929 solis
888 2861 993 2928 deum
1014 2861 1050 2928 in
1063 2861 1150 2929 bove
1164 2861 1232 2948 Api
1245 2860 1404 2927 habitare

232 3002 293 3070 pro
313 2989 409 3051 certo
429 2983 616 3052 habebant.
639 2985 743 3074 Apud
756 2984 860 3053 Indos
873 3005 1012 3074 quoque
1025 2985 1169 3053 huiusce
1182 2986 1233 3051 rei
1246 2983 1404 3073 exempla

231 3110 473 3198 reperiuntur,
508 3110 602 3178 velut
635 3110 722 3179 deus
752 3112 809 3178 cui
840 3131 969 3178 nomen
1002 3110 1123 3195 Some,
1155 3110 1275 3198 planta
1305 3130 1404 3177 sacra

231 3235 404 3322 simulque
435 3234 637 3323 plantarum
668 3255 729 3302 rex
759 3239 866 3323 atque
897 3235 1025 3312 tutela,
1058 3235 1118 3323 qui
1149 3235 1254 3302 etiam
1283 3234 1403 3302 lunam

231 3363 493 3446 repraesentare
517 3358 741 3442 credebatur3
766 3358 859 3426 idem
883 3358 969 3426 deus
994 3358 1086 3447 apud
1110 3358 1244 3426 lranios
1269 3359 1404 3425 Haoma

232 3482 511 3571 nuncupabatur.
537 3484 713 3551 Romanos
736 3483 942 3550 animalium
963 3488 998 3550 et
1018 3483 1181 3551 arborum
1196 3483 1402 3551 cultuscum

231 3605 373 3674 deorum
399 3627 644 3696 supremorum
669 3608 894 3676 veneratione
914 3607 1134 3675 coniunxisse
1155 3627 1209 3674 res
1228 3612 1280 3674 est
1293 3608 1402 3691 notis-

230 3730 327 3797 sima.
364 3731 518 3799 Diversis
551 3731 660 3821 igitur
693 3732 730 3798 in
761 3732 987 3820 religionibus
1018 3731 1197 3798 vinculum
1229 3732 1402 3799 exstitisse

231 4036 345 4088 obscura
364 4039 469 4101 essent,
489 4036 592 4103 optime
613 4036 749 4103 explicari
769 4052 855 4104 posse.
876 4036 1039 4089 Fontenolle
1059 4037 1171 4105 quidem
1188 4041 1215 4090 ot
1233 4037 1273 4088 De
1290 4037 1401 4091 Bresses

231 4125 343 4177 eandem
369 4125 443 4177 viam
463 4125 600 4190 inierant,
620 4125 668 4177 sed
688 4141 783 4177 eorum
802 4126 946 4193 opiniones
967 4126 1089 4178 nondum
1109 4126 1193 4178 certis
1213 4127 1401 4179 fundamentis

231 4214 399 4268 nitebantur.
419 4214 534 4266 Minimo
554 4230 650 4266 verum
670 4230 742 4280 esse,
763 4214 854 4266 omnia
865 4215 895 4265 in
905 4215 1009 4283 mythis
1021 4214 1250 4268 Indo-Germanis
1260 4232 1274 4266 e
1285 4202 1401 4266 naturae

231 4302 332 4354 virium
357 4303 598 4370 personifioutione
622 4319 706 4371 quam
732 4304 828 4355 dicunt
854 4320 912 4355 osse
938 4303 1118 4371 explicanda,
1138 4320 1210 4355 nuno
1231 4305 1289 4355 sere
1308 4320 1400 4355 omnes

230 4392 398 4458 concedunt,
426 4391 530 4459 ubique
559 4392 633 4443 anim
662 4393 690 4443 in
718 4393 753 4444 iis
779 4395 904 4444 veterum
931 4393 1012 4460 plane
1032 4393 1150 4445 aliarum
1171 4393 1400 4460 superstitionum

230 4480 347 4549 vestigia
365 4481 481 4547 reperiri
502 4484 617 4534 constat.

1277 4590 1292 4636 2
