3442 5175
811 435 868 500 131

251 630 425 708 Ἀμαξιτδν
445 632 543 711 τηνδε,
564 641 618 695 καί
638 636 941 717 στρατευοπέδουσιν
960 643 1038 700 ὥστε
1053 641 1320 700 ἀναπαύσασθαι·
1334 648 1427 718 μυῶν

251 751 286 812 δὲ
305 757 431 833 ἄφατόν
449 778 476 816 τι
496 759 625 836 πλῆθος
644 762 828 842 ἐφερπύσαν
848 766 885 821 τά
906 785 936 823 τε
957 766 1062 843 ὄχανα
1082 766 1189 835 αύτοῖς
1208 771 1269 824 τῶν
1281 764 1427 826 ἀσπίδων

251 875 403 959 διέτραγε,
427 888 482 941 καί
505 887 559 955 τάς
584 890 645 945 τῶν
668 887 766 960 τόξων
788 892 904 968 νευρὰς
923 885 1081 966 διέφαγεν
1104 892 1134 948 οί
1154 887 1188 947 δὲ
1208 890 1272 969 ἄρα
1292 891 1426 966 συνέβα-

250 1001 313 1062 λον
346 1007 474 1078 τούτους
508 1009 647 1081 ἐκείνους
681 1013 764 1070 είναι
794 1016 866 1083 τούς
895 1018 1043 1091 γηγενεῖς,
1075 1018 1129 1072 καί
1159 1013 1267 1090 μέντοι
1297 1018 1352 1072 καί
1383 1016 1427 1084 είς
1463 1033 1465 1038 ·

251 1127 394 1208 ἀπορίαν
428 1133 555 1207 ἥκοντες
589 1137 650 1191 τῶν
684 1135 888 1215 ἀμυντηρίων
918 1133 1007 1195 τόνδε
1037 1139 1091 1195 τὸν
1120 1140 1227 1215 χῶρον
1258 1134 1425 1209 οἰκίζουσι,

250 1256 306 1310 καί
332 1251 538 1327 ’Λπόλλωνος
562 1253 722 1337 ίδρύονται
746 1262 828 1318 νεὼν
850 1256 1024 1335 Σμινδίου.

296 1366 345 1435 ef.
382 1368 495 1437 Schol.
526 1370 569 1438 ad
601 1372 697 1440 Iliad.
731 1374 762 1439 Α.
793 1373 856 1459 39,
889 1374 1003 1442 Strab.
1035 1373 1117 1441 XIII
1149 1396 1182 1462 p.
1212 1374 1297 1458 604,
1330 1375 1426 1442 Serv.

253 1491 340 1559 Aen.
364 1492 414 1559 ΙΙΙ
443 1492 516 1561 108.

297 1614 346 1682 Of.
370 1617 495 1685 Herod.
516 1618 549 1685 II
569 1618 645 1687 141.
659 1620 746 1688 Vide
759 1621 875 1710 Lang,
888 1621 1111 1692 Customand
1127 1620 1226 1710 Myth
1240 1620 1425 1690 103-120.

296 1865 412 1955 5219.
439 1866 503 1958 [5].
530 1867 577 1935 In
602 1869 856 1937 Acarnania
880 1874 1060 1957 (muscae).

297 1990 403 2058 Clem.
428 1991 525 2059 Alex.
551 1993 572 2059 I.
596 1994 617 2060 I.
647 2000 860 2084 Ἡρακλείδης
883 2001 918 2061 δὲ
940 2004 975 2063 ἐν
997 2005 1135 2063 κτίσεσιν
1158 2006 1252 2084 ίερῶν
1275 2010 1347 2084 περί
1371 2009 1427 2082 τὴν

253 2121 470 2204 Ἀκαρνανίαν
501 2128 607 2204 φησίν,
640 2127 725 2186 ἔνθα
756 2131 790 2187 τὸ
818 2126 948 2188 Ἀκτιόν
970 2128 1054 2187 ἐστιν
1078 2129 1273 2208 ἀκρωτήριον
1294 2134 1349 2187 καί
1372 2134 1426 2188 τού

252 2242 462 2319 Ἀπόλλωνος
484 2253 539 2308 τού
563 2247 689 2310 Ἀκτίου
712 2254 747 2310 τδ
771 2253 867 2331 ίερόν,
892 2257 959 2323 ταῖς
977 2254 1088 2329 μυίαις
1108 2250 1315 2333 προδύεσθαι
1333 2253 1424 2329 βοῦν,

297 2362 432 2430 Aelian.
464 2364 543 2433 Nat.
577 2366 694 2434 Anim.
726 2367 774 2434 XI
807 2366 838 2435 8.
875 2374 931 2435 Ἐν
962 2374 995 2435 δὲ
1025 2381 1061 2456 τῇ
1090 2373 1230 2435 Λευκάδι
1261 2377 1345 2457 ἄκρα
1366 2377 1427 2454 μέν

251 2494 336 2554 ἐστιν
367 2494 489 2575 ύψηλη,
513 2501 593 2568 νεὼς
617 2495 651 2557 δέ
678 2498 862 2560 Ἀπόλλωνι
886 2498 1018 2581 ἵδρυται,
1042 2505 1097 2559 καί
1121 2499 1250 2559 Ἀκτιόν
1272 2520 1307 2577 γε
1330 2501 1427 2560 αύτδν

252 2622 283 2678 σί
325 2627 473 2698 τιμῶντες
512 2623 740 2700 ὀνομάζουσιν.
779 2624 903 2686 Ούκούν
937 2631 989 2704 τῆς
1022 2627 1228 2707 πανηγύρεως
1261 2622 1426 2704 ἐπιδημεῖν

251 2745 444 2826 μελλούσης,
466 2747 545 2807 καθ’
566 2751 606 2826 ἣν
626 2755 680 2809 καί
700 2753 734 2810 τδ
753 2749 886 2830 πηδημα
905 2747 1028 2829 πηδῶσι
1048 2753 1089 2827 τῷ
1108 2750 1186 2827 θεῷ,
1207 2749 1326 2809 θύουσι
1344 2749 1426 2825 βούν

252 2874 319 2940 ταῖς
342 2873 461 2947 μυίαις
487 2874 521 2931 αί
545 2869 579 2931 δὲ
603 2873 844 2953 ἐμπλησθεῖσαι
869 2878 924 2934 τού
948 2879 1082 2951 αίματος
1105 2872 1326 2951 ἀφανίζονται.

296 3111 413 3201 5220.
438 3110 502 3202 [6].
529 3112 647 3180 Sami
672 3114 797 3202 (oves).

297 3236 402 3303 Clam.
428 3236 525 3304 Alex.
549 3237 690 3304 ibidem.
711 3243 785 3305 ούδέ
802 3249 869 3322 μην
887 3242 1024 3322 Σαμίων
1043 3242 1231 3323 ἐκλύσομαι·
1252 3243 1423 3326 πρόβατον,

252 3367 293 3438 ὥς
315 3388 413 3447 φησιν
435 3365 618 3451 Εύφορίων,
643 3368 775 3446 σέβουσι
798 3366 930 3446 Σάμιοι.

297 3484 432 3553 Aelian.
463 3485 505 3552 N.
538 3484 579 3551 Α.
613 3484 679 3551 XII
710 3484 765 3551 40.
796 3485 918 3570 Τιμῶσι
945 3490 979 3550 δὲ
1001 3493 1066 3573 ἄρα
1089 3488 1207 3569 Δελφοί
1229 3494 1291 3569 μίν
1314 3491 1424 3565 λύκον,

250 3610 373 3694 Σάμιοι
396 3614 430 3675 δέ
452 3616 625 3699 πρόβατον,
653 3615 893 3699 Ἀμπρακιῶταί
915 3638 950 3694 γε
969 3619 1034 3693 μην
1053 3619 1087 3675 τὸ
1107 3615 1192 3694 ζῷον
1211 3619 1266 3694 τὴν
1278 3616 1423 3677 λέαιναν·

251 3745 289 3800 τὰ
320 3739 355 3801 δέ
386 3744 473 3803 αίτια
504 3748 555 3821 τῆς
586 3743 719 3802 δκάστου
747 3747 836 3820 τιμῆς
867 3707 969 3801 εἰπεῖν
992 3741 1050 3800 ούκ
1072 3741 1157 3800 ἐστιν
1178 3741 1237 3815 ἐξω
1260 3739 1352 3820 τῆσδε
1374 3748 1426 3821 τῆς

252 3863 399 3944 σπουδῆς,
437 3862 572 3945 Δελφοῖς
603 3870 664 3945 μὲν
698 3869 833 3948 χρυσίον
867 3867 954 3946 ίερδν
988 3862 1208 3944 σεσυλημένον
1236 3870 1291 3924 καί
1320 3866 1355 3924 ἐν
1383 3870 1425 3944 τῷ

251 3986 438 4073 Παρνασσῷ
469 3991 751 4072 κατορωρυγμένον
781 3992 970 4068 ἀνίχνευσεν
1000 3988 1105 4060 λύκος·
1137 3984 1276 4066 Σαμίοις
1306 3987 1340 4047 δέ
1370 3994 1425 4048 καί

185 4112 187 4116 ’
252 4115 358 4186 αὐτοῖς
388 4119 510 4175 τοιοῦτο
539 4117 674 4197 χρυσίον
704 4112 829 4174 κλαπὲν
859 4114 1022 4196 πρόβατον
1053 4115 1175 4194 ἀνεύρε,
1199 4118 1253 4172 καί
1276 4112 1426 4173 ἐντεῦθεν

251 4234 514 4322 Μανδράβουλος
545 4241 562 4299 δ
592 4237 718 4317 Σάμιος
748 4244 784 4319 τῇ
806 4237 897 4319 Ἥρᾳ
920 4240 1084 4320 πρόβατον
1106 4238 1266 4317 ἀνάδημα
1289 4238 1422 4314 ἀνῆψεν·

251 4370 311 4423 καί
336 4368 370 4424 τὸ
400 4364 461 4442 μέν
490 4361 655 4441 Πολέμων
681 4363 767 4440 λέγει
790 4367 825 4422 τὸ
848 4364 1011 4444 πρότερον,
1036 4365 1070 4421 τὸ
1094 4361 1128 4421 δὲ
1154 4361 1369 4444 Ἀριστοτέλης
1390 4360 1425 4420 τὸ

252 4483 405 4569 δεύτερον.
