3442 5175
821 397 865 466 87

399 602 515 679 „Onne
537 601 675 681 Σμίλιος
698 604 791 684 ἔργον
814 604 934 678 ἐΰξοον,
960 599 1091 663 ἀλλ’ἐπὶ
1114 605 1221 682 τεθμῷ

399 726 548 808 ,,ὁημαὶῳ
571 728 744 806 γλοφάνων
767 730 861 803 ἄξοος
883 728 972 805 ἦσθα
996 732 1094 799 σανίς·

398 851 482 928 „ute
505 857 565 934 γὰρ
588 850 730 933 ἱδρύοντο
753 852 850 924 θεοὺς
872 853 946 913 τότε·
971 858 1026 913 καὶ
1049 857 1109 935 γὰρ
1132 849 1265 933 Ἀθήνης

398 980 455 1053 „dv
478 975 585 1057 Λίνὸῳ
608 975 731 1050 Δαναὸς
751 978 841 1038 λεῖον
864 979 980 1057 ἔθηκεν
1002 973 1102 1050 ἕὸος.”

309 1239 327 1326 ἕ
350 1236 404 1305 85.
430 1236 495 1328 [4].
521 1237 669 1322 Lindi,
692 1238 729 1305 in
754 1236 839 1306 urbe
864 1238 976 1305 Rhodi
999 1242 1149 1326 (Ἀθηνᾶ)
1163 1241 1200 1326 ¹).

310 1362 433 1431 Euseb.
456 1362 595 1430 ibidem.
620 1362 706 1430 Vide
730 1384 834 1453 supra
857 1363 922 1431 sub
947 1361 1000 1454 [3]
1036 1363 1053 1453 ᾗ
1077 1363 1130 1431 84.

310 1486 476 1555 Thierseh
511 1486 687 1575 (Epochen
721 1508 754 1575 p.
790 1486 846 1573 21)
882 1488 1029 1555 coniecit
1059 1496 1146 1557 λαᾱν
1176 1497 1273 1576 ἔθηκε
1294 1498 1424 1579 βρέταςς

264 1612 415 1681 Dindorf
440 1619 521 1681 κίον’
547 1620 663 1699 ἔθηκεν
686 1618 764 1695 ἕδος,
790 1612 882 1701 quod
907 1612 1084 1682 Overbeck
1109 1617 1155 1703 (p.
1178 1614 1257 1700 143)
1282 1616 1425 1705 accipit3

264 1738 426 1827 equidem
459 1743 595 1807 textum
630 1737 799 1805 traditum
830 1738 980 1805 retinere
1010 1739 1146 1817 malim,
1178 1740 1228 1807 ita
1258 1745 1297 1807 ut
1328 1740 1426 1807 sedes

264 1864 350 1933 levis
372 1863 471 1952 palus
494 1864 556 1951 sit,
576 1863 730 1931 nondum
749 1863 786 1930 in
806 1861 1031 1931 simulacrum
1051 1864 1244 1932 humanum
1257 1866 1424 1934 excultus

308 2130 402 2217 sm.
428 2130 443 2222 [
467 2130 493 2221 ].
518 2129 707 2199 Athenis
730 2136 883 2218 (Attene).

309 2256 432 2324 Euseb.
457 2255 596 2324 ibidem.
619 2262 713 2342 Λέγει
737 2263 824 2325 ὅόὖν
846 2264 1059 2347 Πλούταρχος
1080 2264 1141 2326 ὦδε·
1162 2288 1207 2347 πῃ
1228 2270 1308 2327 κατὰ
1327 2266 1423 2342 λέξιν·

264 2437 283 2465 „
296 2390 342 2450 ‘H
358 2388 392 2449 ὅὲ
411 2395 472 2450 τῶν
491 2391 615 2464 ξοάνων
633 2393 759 2469 ποίησις
779 2392 917 2471 ἀρχαῖον
937 2392 1038 2451 ἔοικεν
1057 2395 1140 2451 εἶναί
1159 2413 1187 2451 τι
1205 2397 1260 2451 καὶ
1271 2391 1424 2466 παλαιὸν,

264 2519 328 2593 εἴγε
358 2514 489 2591 ξύλινον
519 2518 580 2592 μὲν
610 2517 649 2594 ἦν
680 2518 714 2574 τὸ
745 2520 869 2597 πρῶτον
899 2519 943 2588 εἰς
974 2513 1078 2594 Δῆλον
1107 2518 1170 2575 ὑπὸ
1201 2514 1426 2598 Ἐρισὶχθονος

266 2637 452 2702 Ἀπόλλωνι
474 2643 527 2701 ἐπὶ
551 2647 621 2711 νῶν,
635 2641 782 2723 θεωριῶν
805 2642 948 2720 ἄγαλμα,
973 2641 1103 2716 ξύλινον
1123 2640 1156 2701 δὲ
1176 2645 1210 2701 τὸ
1229 2648 1281 2719 τῆς
1299 2640 1425 2702 Πολιά-

265 2765 319 2838 ὁος
342 2769 404 2826 ὑπὸ
424 2773 485 2826 τῶν
502 2766 711 2845 αὐτοχθόνων
730 2764 872 2848 ἱδρυθὲν,
895 2768 912 2826 δ
929 2767 1024 2848 μέχρι
1044 2771 1103 2826 νῦν
1122 2762 1293 2846 Ἀθηναῖοι
1313 2764 1425 2845 διαφο-

264 2894 441 2954 λάοοονσιν.

309 3009 450 3078 Ter-tull.
476 3008 574 3097 Apol.
597 3007 650 3075 16.
676 3009 719 3075 Et
741 3013 858 3076 tamen
879 3012 1010 3095 quanto
1030 3006 1255 3094 distinguitur
1274 3027 1295 3073 a
1314 3008 1426 3074 crucis

264 3135 380 3223 stipite
403 3133 516 3201 Palles
540 3132 658 3200 Attica
681 3137 715 3199 et
738 3131 840 3199 Ceres
865 3132 986 3216 Baria,
1011 3152 1099 3219 quae
1119 3132 1193 3199 sine
1214 3131 1327 3221 effigie
1346 3134 1426 3200 rudi

264 3259 341 3347 palo
365 3264 400 3326 et
422 3258 563 3326 informi
585 3258 678 3346 ligno
698 3257 857 3345 prostati

308 3526 325 3614 ἓ
349 3525 402 3594 87.
428 3525 491 3617 [6].
518 3526 728 3593 Eleusine
753 3529 909 3612 (Δημήτηρ
931 3529 1075 3613 Papus).

309 3649 452 3718 Tertull.
477 3650 575 3739 Apul.
599 3649 653 3717 16.
677 3648 763 3716 Vide
788 3669 893 3736 supra
918 3651 935 3733 ξ
958 3648 1012 3715 86.

310 3775 451 3843 Tertull.
481 3774 558 3841 adv.
589 3778 683 3862 gent.
715 3772 730 3839 I
764 3771 816 3840 12.
850 3772 987 3851 Quanto
1019 3773 1244 3861 distinguitur
1268 3795 1288 3839 a
1312 3774 1425 3841 crucis

265 3900 381 3987 stipite
405 3897 517 3966 Pallas
542 3897 658 3965 Attica
681 3903 716 3965 et
740 3897 842 3965 Ceres
867 3897 971 3964 Raris
995 3919 1084 3986 quae
1103 3899 1176 3965 sine
1196 3898 1325 3982 forma,
1346 3898 1425 3965 rudi

265 4023 359 4112 palo,
383 4028 418 4090 et
437 4023 507 4091 solo
527 4023 687 4091 staticulo
710 4023 795 4111 ligni
818 4022 976 4090 informis
1000 4023 1304 4111 repraesentatur?

304 4401 323 4466 ¹)
340 4400 380 4451 De
399 4398 513 4470 Ἀθηνᾷ
535 4399 634 4450 Lindia
652 4399 715 4451 vide
736 4400 771 4451 H.
788 4399 850 4451 Van
861 4399 969 4464 Gelder,
980 4398 1142 4451 Gesehiehte
1153 4398 1200 4451 der
1210 4400 1285 4451 alten
1296 4398 1425 4463 Rhodier,

271 4507 316 4557 pp.
336 4493 387 4542 313
406 4506 480 4557 sqq.,
499 4489 547 4557 qui
567 4489 637 4540 hane
656 4488 734 4541 deum
753 4504 807 4540 non
825 4505 890 4541 vere
909 4488 1040 4540 Graecam
1059 4488 1143 4540 fuisse
1162 4491 1250 4555 putat.
