3442 5175
796 349 863 417 215

247 546 445 634 opinionem
487 566 585 613 suam
621 544 895 612 confirmandam
930 544 1043 631 allati,
1077 565 1140 633 pro
1177 547 1411 615 monumentis

247 671 387 760 quidem
402 671 542 739 sednon
555 671 652 751 sacri,
667 670 705 737 bi
716 674 833 738 autem
846 670 935 738 sacri
948 670 1008 738 sed
1021 691 1089 737 uon
1101 690 1164 758 pro
1177 671 1411 739 monumentis

249 797 399 864 fuerunt.
434 796 592 864 Nolimus
625 795 734 883 igitur
756 796 1014 863 venerationem
1038 795 1222 884 pristinam
1246 816 1285 863 eo
1310 795 1411 863 modo

248 922 489 1011 interpretari3
513 920 588 989 loca
612 921 771 1010 quidem,
796 920 856 989 ubi
880 940 997 1010 pugna
1011 919 1156 988 celebris
1168 919 1339 1008 quaedam
1352 927 1413 988 aut

248 1045 379 1135 aliquid
403 1044 497 1113 aliud
521 1045 689 1113 memoria
712 1045 856 1134 dignum
880 1045 1012 1113 factum
1036 1049 1128 1131 erat,
1153 1044 1297 1113 rudibus
1321 1046 1412 1113 saxis

248 1170 391 1238 fortasse
415 1171 582 1259 ligneisve
612 1171 745 1239 truncis
769 1170 893 1238 erectis
916 1168 1179 1255 indicabantur,
1203 1169 1262 1237 sed
1286 1190 1411 1238 monu-

249 1301 366 1364 menta
399 1295 459 1364 illa
491 1296 634 1392 minime
665 1315 763 1363 sacra
787 1294 1024 1379 habebantur3
1049 1314 1131 1361 nam
1155 1294 1198 1361 ad
1222 1294 1298 1363 loca
1320 1295 1411 1383 ipsa,

248 1442 317 1489 non
341 1420 384 1488 ad
409 1426 636 1489 monumenta
658 1427 877 1509 posterorum
901 1420 1097 1489 reverentia
1120 1420 1326 1508 pertinebat.

291 1547 309 1635 ξ
333 1546 364 1614 7.
389 1546 488 1626 Quod
511 1546 555 1613 ad
576 1544 707 1635 lapides
730 1545 855 1613 attinet
879 1544 922 1612 ab
945 1543 1144 1612 hominibus
1163 1543 1275 1611 forma
1295 1544 1411 1611 conoi-

247 1670 324 1738 dica
347 1671 419 1738 sive
443 1668 651 1759 pyramidali
674 1670 882 1750 instruetoS,
902 1689 959 1740 eos
984 1689 1061 1736 mea
1073 1668 1413 1756 sententiaequovis

248 1795 470 1884 symbolismo
490 1796 619 1863 alienus
642 1814 755 1883 neque
778 1794 886 1883 igitur
906 1794 1044 1862 divinae
1057 1795 1305 1883 procreationis
1317 1815 1412 1883 sym-

248 1919 325 1987 bola
345 1919 451 1988 fuisse
465 1920 535 1988 iam
558 1920 596 1986 in
619 1919 707 1988 libro
729 1920 842 2007 primo
864 1919 935 1987 dixi
948 1919 986 2008 ¹).

705 2224 885 2293 CAPUT
909 2224 960 2292 ΙΙ.

248 2395 298 2461 lic
322 2394 487 2479 stipitum
507 2395 747 2462 venerationis
767 2396 907 2463 ratione
927 2415 968 2463 aa
988 2399 1117 2464 natura
1136 2397 1228 2481 apud
1248 2394 1412 2464 Graecos·

291 2572 309 2661 ξ
332 2570 364 2639 8.
399 2571 448 2639 De
478 2571 636 2660 stipitum
661 2562 799 2661 quoque
823 2574 1057 2642 venerationis
1080 2572 1195 2642 indole
1219 2594 1324 2663 supra
1343 2572 1414 2639 iam

248 2697 378 2764 mentio
408 2696 500 2764 facta
523 2702 575 2765 est
584 2698 619 2782 2).
646 2697 861 2786 Bbtticber3)
886 2705 921 2767 et
945 2699 1162 2795 Ove1·beck⁴)
1185 2703 1311 2787 putant
1336 2718 1413 2765 earn

247 2842 289 2888 ex
313 2821 477 2890 arborum
501 2821 597 2901 cultu
620 2829 733 2891 ortam
757 2844 848 2909 esse,
871 2825 927 2892 cui
947 2825 1100 2913 opinioni
1117 2844 1187 2891 non
1207 2824 1273 2891 nisi
1285 2824 1413 2912 partim

247 2945 356 3014 faveo.

292 3072 387 3140 Licet
422 3072 515 3139 enim
549 3071 735 3140 simulacra
771 3072 904 3161 lignea,
940 3094 1029 3162 qnae
1057 3082 1159 3157 ξόανα
1181 3071 1413 3151 vocabantur,

247 3197 386 3285 saepius
406 3217 448 3264 ex
467 3196 632 3266 arborum
652 3218 831 3265 sacrarum
843 3198 937 3288 ligno
949 3198 1040 3266 facta
1052 3198 1201 3281 fuerint,
1214 3218 1283 3266 non
1295 3202 1414 3265 tamen

247 3322 364 3408 video,
388 3342 451 3391 cur
474 3322 609 3410 stipites
630 3321 794 3390 arborum
812 3327 952 3390 tantum
966 3322 1143 3390 sanctitati
1155 3322 1415 3399 venerationem

247 3445 405 3515 debuisse
429 3452 634 3515 statuamus.
655 3447 982 3516 Commemorantur
1000 3447 1140 3537 quidem
1155 3468 1174 3514 a
1188 3446 1414 3536 scriptoribus

247 3572 399 3661 antiquis
422 3571 587 3639 arborum
610 3592 790 3641 sacrarum
813 3573 981 3662 reliquiae
1004 3574 1041 3640 in
1060 3572 1199 3662 templis
1218 3577 1414 3640 asservatae

285 3806 304 3871 1)
323 3805 395 3857 Vide
413 3821 496 3872 supra
516 3804 576 3857 Lib.
596 3806 610 3856 I
630 3806 645 3872 ξ
665 3808 707 3857 28.

283 3903 304 3969 ⁴³)
323 3903 394 3955 Vide
414 3901 474 3954 Lib.
493 3903 507 3954 Ι
528 3903 543 3970 ξ
563 3906 604 3955 35.

282 3991 303 4057 3)
322 3992 508 4043 Baumkultus
526 3991 575 4044 dor
593 3992 728 4044 Hellonen
747 4009 806 4061 oap.
826 3995 912 4060 XVI,
931 4012 976 4062 pp.
999 3999 1039 4060 16,
1059 3999 1101 4061 40,
1122 3998 1179 4048 104.

282 4081 303 4146 4)
322 4079 511 4147 (tultusobjeot
538 4098 565 4148 p.
586 4085 650 4134 140:
672 4082 757 4148 „Dans
776 4082 820 4135 dio
840 4083 1039 4136 anikonisahen
1059 4084 1208 4136 hdlzernau
1227 4084 1413 4154 Cultobjaote‚

247 4168 359 4233 Probra,
388 4170 488 4222 Klbtze
516 4171 572 4221 und
601 4171 727 4237 Bretter,
754 4172 811 4224 und
840 4172 902 4224 dass
931 4173 975 4224 die
994 4173 1111 4225 altosten
1130 4173 1292 4226 ikonisoben
1317 4176 1414 4229 Xoana

247 4274 296 4310 aus
314 4260 376 4311 dam
395 4260 497 4311 Bauma
516 4260 575 4311 siob
595 4260 776 4325 antwiokeln,
795 4260 856 4313 eina
878 4262 1034 4313 Thatsaobe
1054 4262 1156 4314 welche
1173 4263 1414 4317 durothttioher

247 4349 298 4400 auf
314 4349 361 4401 das
381 4349 485 4401 klarsto
504 4349 638 4402 bewiesen
659 4349 716 4401 und
735 4350 917 4403 auseinander
937 4353 1042 4419 gesetzt
1061 4351 1111 4416 ist,
1130 4352 1413 4405 enthdltdonletzten

248 4436 312 4489 abar
331 4438 408 4491 nicht
424 4439 477 4491 don
496 4439 698 4492 sohwtichtston
718 4439 823 4492 Bewais
842 4440 924 4492 dassir
944 4457 969 4491 u.
990 4457 1010 4492 s,
1030 4457 1062 4491 w.
