3442 5175
800 379 866 447 ala

296 575 344 644 Cf,
369 577 470 644 Palis.
496 574 576 645 VIII
600 574 653 661 15,
677 574 716 642 3:
740 589 794 645 καὶ
814 584 960 664 ἐπίθημα
980 580 1028 645 ἐπ’
1050 587 1134 664 αὐτῷ
1146 587 1413 668 περιφερέςέσιιν,

252 713 326 792 ἔχοι
349 712 434 783 ἐνιός
458 709 616 791 Δήμητρος
638 711 810 791 πρόσωπον
833 707 1000 791 Κιδαρίας·
1025 714 1114 771 ιοῦιο
1133 712 1151 770 ὁ
1169 714 1269 792 ἱερεὺς
1287 712 1415 793 nepai&-
1494 752 1499 761 ·

251 857 346 914 μενος
384 839 417 897 ιὸ
449 837 621 917 πρόσωπον
650 836 685 894 ἐν
715 840 751 916 τῇ
780 834 906 911 μείζονι
935 834 1120 916 καλουμένῃ
1149 835 1255 917 ιελειῇ
1285 834 1416 917 ῥάβδοις

252 964 331 1023 ιιοιιά
353 961 453 1040 λόγον
475 958 514 1039 δή
536 982 607 1021 ιιοοι
630 963 700 1031 τοὺς
722 960 941 1040 ὑποχθονίους
963 963 1051 1021 παίει
1063 952 1098 1041 1).

294 1078 335 1147 lu
366 1083 487 1168 patera
517 1077 668 1166 quadarn
699 1077 831 1144 ahenea
863 1077 990 1167 Cypria
998 1078 1028 1165 2)
1061 1082 1249 1167 Ἀφροδίτην
1271 1079 1306 1146 in
1332 1078 1416 1146 solio

252 1202 428 1271 sedentem
460 1201 691 1289 conspicimus
723 1201 939 1289 chorumque
969 1201 1206 1287 sacerdotum,
1230 1223 1319 1292 quae
1342 1208 1416 1272 toto

252 1327 373 1396 habitu
404 1332 509 1416 atque
540 1326 671 1417 capillis
693 1327 873 1415 promissis
897 1326 982 1394 deae
1005 1332 1077 1395 tam
1101 1327 1231 1396 similes
1254 1334 1352 1414 sunt,
1376 1335 1417 1397 ut

253 1452 475 1542 Holwerdass)
498 1472 556 1520 eas
578 1452 679 1520 deam
702 1453 814 1541 ipsam
837 1458 1099 1541 repraesentare
1123 1453 1318 1521 admodum·
1334 1473 1416 1542 pro·

252 1578 411 1647 habiliter
435 1577 619 1646 coniecisse
642 1577 729 1644 mihi
752 1575 923 1645 videatur.

295 1702 389 1792 §12
424 1702 564 1792 ltaque,
599 1703 628 1770 si
662 1701 856 1770 sacerdotes
891 1701 1035 1770 deorum
1068 1702 1141 1770 vice
1164 1701 1417 1791 fungebantur,

252 1848 372 1896 eorum
407 1828 520 1916 specie
553 1827 684 1910 induti,
717 1847 843 1915 magna
875 1847 959 1895 curn·
978 1826 1222 1915 probabilitate
1247 1827 1416 1894 coniicere

252 1973 451 2043 possumuS,
475 1971 533 2020 808
556 1952 768 2039 sacerdoteS,
794 1952 854 2040 qui
875 1963 1001 2041 ιοιῦροι,
1025 1960 1149 2041 τράγοι,
1173 1961 1291 2041 ἄρκτοι,
1312 1959 1417 2021 πῶλοι

251 2082 476 2162 vocarentur,
501 2077 623 2166 priscis
647 2076 788 2166 quidem
810 2074 1027 2165 temporibus
1049 2075 1170 2144 diebus
1194 2075 1417 2145 sollemnibus

252 2203 333 2271 deos
379 2203 504 2271 horum
554 2200 757 2269 animalium
800 2201 921 2269 formis
953 2200 1094 2269 indutos
1129 2206 1415 2289 repraesentasse.

252 2327 364 2407 Quam
388 2327 431 2396 ob
455 2347 529 2395 rem
553 2326 696 2414 Wide⁴)
720 2327 851 2416 optimo
870 2327 946 2395 iure
966 2325 1157 2394 affirmasse
1169 2326 1256 2394 mihi
1268 2326 1416 2412 videtur,

252 2453 393 2520 nomina
417 2451 637 2520 sacerdotum
660 2450 720 2519 illa
743 2451 888 2521 deorum
911 2452 1040 2520 formas
1064 2451 1229 2541 pristinas
1252 2451 1415 2533 indicare,

251 2578 457 2667 praesertim
498 2577 582 2668 qnia
623 2577 710 2646 aliae
753 2599 808 2647 res
843 2578 933 2646 hanc
966 2577 1164 2668 opinionem
1199 2576 1416 2648 confirmant.

252 2704 374 2792 Neque
409 2703 524 2772 miuus
547 2708 640 2771 recte
665 2703 793 2791 Coolr5)
817 2724 859 2772 ex
883 2706 942 2790 iis,
967 2724 1056 2794 quae
1079 2704 1264 2793 scriptores
1287 2709 1322 2772 et
1346 2725 1417 2772 mo·

252 2833 420 2896 uumenta
460 2829 648 2897 veterrima
690 2828 732 2897 de
775 2850 871 2898 more
906 2830 1111 2898 animalium
1145 2850 1310 2918 personas
1344 2831 1417 2898 sive

251 2953 357 3043 pelles
399 2954 568 3023 induendi
609 2975 671 3023 nos
714 2954 855 3042 docent,
898 2961 1054 3044 ternpore
1089 2955 1276 3044 Mycenaeo
1311 2956 1416 3042 asini,

251 3078 376 3164 leonis,
399 3080 509 3162 tauri,
535 3082 638 3166 cervi,
662 3082 753 3169 equi,
776 3101 911 3169 caprae,
935 3083 1006 3150 suis
1029 3082 1288 3150 venerationem
1311 3103 1417 3170 quam

253 3205 402 3272 maxime
446 3205 597 3294 viguisse
637 3204 761 3273 effecit.
802 3205 902 3284 Quod
943 3206 987 3274 ad
1020 3207 1242 3275 sacerdotum
1276 3209 1418 3275 nomina

252 3332 395 3412 attinet,
420 3352 461 3400 ea
484 3351 522 3398 re
545 3352 628 3399 vera
651 3330 794 3399 deorum
815 3332 945 3399 formas
964 3331 1158 3420 significare
1178 3331 1333 3401 elabulis
1345 3333 1417 3400 sive

253 3478 272 3524 e
296 3458 441 3526 deorum
465 3458 619 3546 ipsorum
643 3456 908 3545 cognominibus
930 3463 1084 3546 apparet.

297 3582 400 3671 Apud
424 3583 638 3671 Hesychium
661 3583 786 3651 haecce
810 3581 975 3671 legimus:

292 3935 313 4000 ¹)
331 3934 403 3987 Vide
422 3933 550 4000 Granum,
569 3933 662 4003 Symb.
678 3935 709 3986 II
724 3937 790 4000 5223
800 3933 837 3986 M.
846 3933 952 4002 Meyer,
960 3934 1059 3986 Jahrb.
1070 3934 1128 3985 VII
1139 3935 1231 4001 (1892)
1241 3951 1286 4002 pp.
1298 3938 1348 3986 189
1358 3950 1417 4002 sqq.

289 4024 310 4091 l)
330 4022 487 4089 Holwerda‚
516 4022 567 4075 Die
596 4023 670 4075 alten
699 4023 822 4092 Kyprior
850 4024 879 4075 in
908 4024 1000 4076 Kunst
1028 4022 1084 4075 und
1112 4023 1182 4074 Kult
1210 4022 1265 4075 tab.
1291 4024 1417 4089 VI1203

253 4112 331 4167 Oeen.
352 4114 544 4180 st.tab.1x;
565 4111 675 4165 Oecaldi
695 4113 750 4165 tab.
771 4113 837 4166 VII.

289 4204 310 4271 ³)
330 4204 485 4272 Holwerda‚
504 4203 543 4256 l.l.
562 4220 609 4270 pp.
627 4206 661 4254 33
679 4220 719 4271 sq.

289 4295 311 4360 ⁴)
331 4294 356 4347 S.
377 4293 467 4360 wide,
487 4294 554 4346 Lak.
574 4292 660 4345 Kulte
678 4311 704 4360 p·
725 4292 767 4358 79,
787 4296 811 4344 1.

289 4384 311 4451 ⁶)
330 4384 365 4437 Α.
393 4384 424 4436 B.
453 4382 542 4449 Gook,
563 4382 674 4434 Animal
704 4382 835 4450 Worship
863 4383 893 4433 in
917 4382 964 4435 the
982 4381 1151 4451 Mycenaean
1170 4397 1235 4450 age,
1253 4380 1371 4433 Journal
1390 4381 1421 4433 ef

254 4473 381 4526 Hallcnio
402 4473 511 4527 Studies
530 4472 600 4525 XIV
620 4474 713 4540 (1898)
732 4490 777 4541 pp.
798 4475 928 4525 81-169.
