3442 5175
784 410 850 477 267

234 627 341 694 equos
371 605 587 673 venerationi
610 605 715 673 fuisse
738 606 928 674 ostendunt
941 608 985 689 1);
1008 606 1137 674 ibidem
1161 613 1249 675 Ρέαν
1271 608 1407 696 pullum

234 731 402 819 equinum
423 751 486 819 pro
504 737 686 800 Ποσειόῶνι
705 731 839 799 infante
851 738 968 821 Κρόνῳ
981 730 1116 799 dedisse
1128 733 1154 816 2)
1165 783 1173 815 ,
1186 731 1407 821 eundemque

235 855 340 923 deum
365 861 485 944 postea
508 857 658 944 speciem
683 857 848 944 equinam
870 855 1025 923 induisse
1049 856 1287 943 credebant3).

278 978 430 1047 Fabulae
454 979 562 1067 igitur
585 979 627 1047 de
650 980 1017 1048 transformationibns
1040 980 1185 1049 deorum
1206 987 1241 1049 et
1261 982 1407 1050 heroum

234 1104 326 1172 iuter
349 1104 556 1173 animalium
581 1105 696 1173 cultus
722 1106 870 1194 vestigia
893 1105 1074 1174 habendae
1099 1105 1272 1174 videntur.

679 1476 859 1548 CAPUT
883 1479 965 1546 vll.

416 1700 486 1769 Gur
510 1702 786 1786 superstitiones
809 1703 950 1787 priseae
972 1703 1235 1787 posterioribus

578 1826 800 1911 temporibus
822 1826 1055 1894 reviruerint.

280 2051 297 2140 ἓ
320 2049 374 2118 8l.
401 2050 428 2117 E
452 2049 741 2138 superstitionum
763 2050 960 2139 priscarum
983 2049 1141 2138 reliquiis
1163 2050 1199 2117 in
1223 2052 1408 2139 superiori·

234 2177 300 2244 bus
332 2175 554 2264 pertractatis
577 2180 739 2264 apparet,
763 2173 1192 2263 anthropomorphismum
1216 2194 1274 2242 eas
1298 2176 1409 2264 magis

202 2383 205 2388 ,
235 2301 418 2390 magisque
453 2299 648 2389 subegisse3
683 2299 742 2367 sed
777 2306 898 2367 tamen
931 2320 1125 2389 numquam
1157 2305 1231 2367 toto
1261 2301 1408 2388 imperio

235 2427 367 2514 potitus
391 2430 462 2508 est3
485 2445 585 2507 nam,
610 2428 650 2489 ut
673 2423 835 2491 universe
858 2423 1062 2492 humiliores
1081 2424 1258 2513 religionis
1277 2425 1409 2493 formae

235 2552 420 2620 lentiorem
462 2549 686 2618 vivacitatem
729 2547 878 2634 babent,
911 2550 994 2638 quia
1028 2549 1138 2617 multo
1175 2550 1292 2618 minus
1327 2555 1410 2618 sunt

236 2675 422 2745 mutabiles
457 2695 564 2763 quam
599 2673 837 2758 sublimiores,
873 2695 963 2764 quae
994 2675 1037 2742 ad
1069 2674 1229 2743 altiorem
1259 2675 1408 2764 gradum

236 2823 311 2870 sese
346 2802 527 2887 extollunt,
563 2800 618 2900 ita.
646 2801 684 2867 in
718 2800 866 2868 Graecia
897 2819 1037 2889 quoque
1067 2799 1229 2888 lapidum
1248 2800 1409 2888 stipitum

236 2927 403 2995 arborum
427 2927 633 2994 animalium
658 2925 773 2994 cultus
797 2945 992 3012 numquam
1015 2944 1158 3013 prorsus
1170 2931 1408 3009 evanuerunt3

237 3075 348 3143 usque
381 3055 475 3121 enim
507 3052 551 3120 ad
581 3057 757 3142 postrema
781 3051 1001 3139 antiquitatis
1024 3056 1183 3139 tempora
1208 3071 1328 3119 eorum
1353 3072 1409 3118 ve-

237 3178 359 3266 stigia,
385 3177 442 3245 hic
467 3176 724 3261 manifestiora,
748 3175 819 3243 illic
842 3175 991 3257 leviora,
1005 3177 1213 3243 remansisse
1225 3176 1411 3263 scriptores

237 3311 342 3394 atque
378 3307 606 3370 monumenta
640 3320 702 3368 nos
733 3299 874 3383 doceut3
898 3305 933 3366 et
956 3300 1062 3366 etiam
1087 3300 1197 3368 multo
1220 3305 1298 3389 post
1321 3301 1410 3369 eius·

237 3429 331 3496 modi
355 3428 620 3496 venerationum
643 3424 812 3513 reliquiae
835 3430 1090 3494 remanserunt.

282 3554 377 3643 §82
413 3555 567 3644 Dignum
602 3561 719 3623 autem
752 3551 920 3642 estquod
944 3551 1158 3630 observetur,
1182 3551 1329 3640 vestigia
1351 3551 1410 3618 illa

237 3700 348 3768 paene
381 3680 500 3747 omnia
530 3679 623 3768 apud
654 3679 840 3768 scriptores
860 3677 1021 3758 inveniri,
1046 3677 1108 3765 qui
1130 3681 1208 3764 post
1231 3676 1410 3745 Gbristum

239 3810 363 3873 natum
394 3805 563 3886 vixerint,
595 3809 631 3872 et
661 3805 698 3871 in
730 3803 967 3872 monumentis
997 3802 1091 3871 illins
1114 3802 1291 3892 temporie,
1315 3803 1410 3892 quod

241 3929 539 3998 »hellenisticum'’
564 3935 727 4012 vocatnr;
751 3928 985 4017 Pompeianae
1005 3927 1099 3995 enim
1119 3928 1277 4017 picturae
1297 3928 1410 4016 parie-

239 4158 451 4167 ———

278 4327 297 4392 1)
317 4326 390 4378 vioe
410 4324 469 4377 nio.
491 4325 522 4376 11
542 4327 555 4391 s
575 4316 653 4377 264(

198 4404 201 4410 '
278 4415 299 4481 2)
318 4416 399 4467 raus.
422 4414 498 4465 vin
518 4417 543 4479 s,
563 4416 588 4479 a,
606 4412 670 4465 vide
689 4414 749 4466 nio.
769 4415 798 4470 ΙΙ
818 4419 831 4483 s
852 4417 913 4480 ara,
933 4418 957 4467 3.

276 4502 297 4569 3)
317 4504 398 4556 Paus.
416 4503 492 4555 VIII
509 4506 551 4570 25,
570 4507 595 4570 4,
614 4503 678 4557 vide
699 4504 759 4557 Lib.
778 4505 810 4559 II
831 4508 844 4572 5
865 4508 924 4557 263.
