3442 5175
818 362 860 431 lll

253 582 454 651 expressum
489 582 563 629 esse
603 559 702 627 Head
738 558 901 626 affirmat.
934 558 1075 625 Imhoof
1093 556 1231 644 autem,
1255 558 1347 625 Mon.
1372 580 1424 646 gr.

253 686 336 771 223,
359 685 405 753 63
428 707 496 774 sq„
521 704 683 752 nummos
703 683 848 751 huiusce
870 682 966 751 urbis
986 686 1254 767 commemorat,
1274 703 1425 771 quorum

254 811 399 879 adversa
422 831 503 899 pars
526 816 632 899 Ἥρας
655 812 760 897 caput
779 806 936 891 exhibet,
957 826 1079 874 aversa
1098 806 1250 894 lapidem
1270 807 1425 874 conoidi-

255 956 334 1004 cum
369 936 405 1001 in
436 934 566 1021 templo
590 933 717 1021 distylo
740 904 929 1014 iacentem3
954 950 1041 1018 quos
1065 950 1227 999 nummos
1251 952 1425 1020 nusquam

255 1060 336 1128 alibi
369 1059 560 1147 descriptos
591 1058 720 1125 inveni.
753 1056 820 1124 Sed
852 1055 998 1123 tertium
1031 1048 1169 1143 q'uoque
1199 1075 1426 1124 nummorum

255 1206 364 1274 genus
399 1182 539 1251 Imhoof
568 1182 681 1250 eidem
717 1181 843 1270 oppido
875 1180 1017 1249 ascribit
1049 1180 1212 1270 (Mongr.
1236 1179 1322 1265 222,
1345 1180 1425 1270 60),

256 1329 405 1398 quorum
436 1308 473 1375 in
497 1307 643 1375 adversa
668 1310 767 1395 parte
791 1304 978 1394 delphinus
1000 1304 1190 1372 tridentem
1214 1305 1427 1394 amplectens

255 1432 481 1521 conspicitur,
515 1431 552 1499 in
587 1436 686 1520 parte
721 1450 843 1498 aversa
874 1429 963 1519 lapis
994 1429 1194 1498 conoidicus
1227 1431 1265 1498 in
1295 1432 1427 1520 templo

257 1558 380 1646 diStylo
412 1556 564 1645 positus;
596 1555 687 1623 infra
717 1555 867 1643 legimus
897 1561 996 1623 ΧΑΛ.
1022 1555 1153 1623 Eckhel
1176 1555 1208 1622 Il
1232 1554 1299 1624 323
1321 1579 1426 1626 num-

256 1703 352 1751 mum
377 1687 605 1751 antonomum
630 1680 803 1748 Chalcidis
826 1680 1000 1749 Euboicae
1019 1682 1069 1749 sic
1088 1680 1270 1749 describit:
1293 1683 1428 1772 »Caput

256 1807 411 1896 Neptuni
442 1788 522 1875 cum
553 1807 716 1874 tridente.
748 1811 1014 1873 XAAKmnnN.
1041 1791 1223 1895 Templum
1248 1807 1427 1896 distylum,

254 1932 348 1999 intra
371 1932 464 2021 quod
488 1931 576 2019 lapis
600 1928 838 2012 conoidicus;’'
862 1928 976 1997 addit:
1004 1929 1129 1998 »Nulla
1153 1931 1238 1999 satis
1257 1931 1428 2020 probabili

256 2055 390 2123 ratione
423 2054 629 2123 Pellerinius
653 2074 802 2121 numum
826 2052 921 2120 hunc
945 2052 1101 2121 Chalcidi
1125 2053 1247 2143 Syriae
1272 2055 1427 2124 tribuit.”

258 2180 414 2248 Mionnet
447 2180 480 2248 ΙΙ
505 2178 589 2265 306,
613 2178 657 2247 55
680 2179 800 2246 eodem
825 2178 927 2246 modo
947 2200 1136 2262 nummum
1160 2180 1343 2265 describit,
1367 2181 1428 2248 sed

256 2304 292 2371 in
323 2304 642 2372 animadversione:
677 2308 796 2370 »cette
816 2301 995 2388 medaille,
1020 2304 1153 2393 inquit,
1178 2304 1292 2393 parait
1315 2305 1429 2394 plutbt

257 2429 458 2517 appartenn
481 2425 502 2495 a
525 2429 558 2495 la
578 2427 709 2516 Syrie.'’
731 2427 831 2507 Quod
851 2432 987 2496 rectum
1000 2428 1157 2513 videtur3
1169 2430 1207 2496 in
1220 2429 1320 2497 catal.
1334 2431 1428 2498 enim

258 2555 369 2624 Musei
399 2554 490 2633 Brit.
526 2552 658 2642 (Syria)
693 2552 787 2621 idem
822 2573 987 2622 nummus
1019 2553 1175 2622 Chalcidi
1206 2553 1271 2622 sub
1296 2553 1428 2623 Libano

257 2680 449 2748 attributus
480 2685 550 2764 est,
578 2679 735 2747 Mionnet
758 2699 898 2768 quoque
921 2678 958 2745 in
984 2677 1234 2767 Supplemento
1258 2679 1429 2747 eiusmodi

258 2824 444 2872 nummum
462 2808 645 2891 tamquam
665 2802 709 2869 ad
730 2803 820 2884 hanc
841 2802 964 2870 urbem
978 2803 1213 2891 pertinentem
1226 2802 1428 2891 descripsit,

258 2948 372 3017 neque
395 2926 496 2994 aliter
521 2926 618 2993 Head
644 2926 846 2995 dubitanter
868 2926 1046 2993 iudIcavit.
1072 2925 1202 2993 Mirum
1226 2930 1345 2993 autem
1365 2933 1428 3007 est,

258 3051 426 3141 lapidem,
458 3052 496 3118 in
527 3051 682 3118 nummiS
712 3046 780 3117 illis
810 3049 853 3117 ab
887 3048 1054 3116 Imhoofio
1077 3049 1233 3116 Chalcidi
1256 3049 1429 3118 Euboicae

258 3178 418 3266 ascriptis
442 3196 662 3265 expressum,
687 3176 793 3242 etiam
815 3175 852 3241 in
877 3173 1007 3262 templo
1027 3173 1153 3263 distylo
1170 3175 1301 3258 iacere,
1323 3196 1430 3263 quam

259 3303 302 3371 ob
333 3323 408 3370 rem
433 3300 526 3369 haud
550 3301 620 3368 scio
645 3321 690 3367 an
713 3300 739 3367 ii
762 3319 901 3387 quoque
925 3299 1004 3370 urbi
1029 3299 1192 3388 Syriacae
1215 3300 1431 3369 attribuendi

259 3426 338 3493 sint.
374 3426 463 3494 Utut
497 3431 567 3511 est,
604 3424 774 3492 ambabus
808 3425 843 3490 in
880 3424 1027 3492 urbibus
1061 3445 1184 3492 saxum
1210 3424 1429 3492 conoidicum

260 3550 521 3619 venerationem
546 3549 709 3618 habuisse
734 3570 797 3638 pro
821 3554 917 3616 certo
940 3549 1048 3617 statui
1072 3553 1195 3636 potest.

305 3801 323 3888 ἕ
342 3799 396 3868 la
412 3799 476 3890 [3].
497 3799 711 3867 Chalcide
732 3798 811 3866 sub
832 3798 1013 3879 Libano,
1033 3799 1071 3867 in
1084 3799 1171 3867 urbe
1185 3798 1306 3888 Syriae
1318 3805 1429 3884 (Ζεύς).

306 3926 393 3994 Vide
427 3946 534 4015 supra
569 3925 633 3994 sub
668 3924 840 3992 Chalcidis
876 3924 1049 3993 Euboicae
1085 3945 1311 3994 nummorum
1342 3945 1430 3994 enu-

261 4050 463 4117 meratione.
635 4044 637 4049 ’

306 4174 463 4241 Primum
499 4174 676 4242 saeculum
709 4179 790 4241 ante
822 4174 902 4242 Chr.
934 4196 985 4258 n,
1017 4175 1180 4243 adversa:
1213 4182 1284 4255 Διὸς
1307 4180 1430 4264 caput,

261 4318 400 4366 aversa:
432 4298 604 4386 templum
636 4298 823 4387 distylum,
848 4299 885 4365 in
909 4319 978 4386 quo
1002 4298 1090 4386 lapis
1111 4299 1310 4367 conoidicus
1333 4299 1431 4366 vittis

261 4429 415 4492 ornatus.
447 4424 484 4491 Β.
519 4423 564 4490 Μ.
595 4422 746 4495 XXXIII
774 4422 830 4508 10,
854 4445 887 4512 p.
910 4422 995 4508 279,
1018 4422 1057 4506 13
1084 4423 1181 4491 Head
1203 4422 1287 4507 655,
1314 4423 1430 4491 Head-
