3442 5175
797 661 957 724 muna
981 662 1048 724 ΠΙ.

367 824 415 884 De
436 821 644 887 Graeearum
665 821 971 897 superstitionum,
992 838 1080 896 qnae
1101 838 1171 884 non
1192 825 1274 883 sunt
1294 823 1479 896 anthropo·

438 919 650 995 morphieae,
671 919 805 981 ratione
827 937 867 981 ae
888 922 1026 981 natura.
1057 920 1225 1000 Quomodo
1245 920 1410 994 paulatim

635 1016 1011 1091 anthropomorphismo
1033 1018 1211 1081 eesserint.
1272 1013 1275 1017 ’

339 1179 513 1232 Prooemium
532 1180 559 1246 (ξ
579 1180 606 1245 1)
635 1216 1441 1234 ...................
1460 1182 1511 1232 209

407 1268 430 1320 Ι.
450 1268 491 1320 De
527 1267 653 1336 lapidum
681 1268 869 1321 uenerationis
897 1269 1004 1321 ratione
1032 1285 1064 1322 ae
1092 1272 1193 1322 natura
1220 1269 1294 1337 apud
1322 1268 1440 1322 Graeoos

445 1358 488 1424 (ἐξ
508 1358 589 1424 2-7)
627 1394 1439 1411 ...................
1459 1360 1512 1410 210

386 1446 426 1499 ΙΙ.
446 1446 487 1498 De
505 1446 633 1513 stipitum
652 1446 839 1500 venerationis
858 1446 967 1499 ratione
985 1462 1017 1499 ao
1036 1449 1137 1499 natura
1155 1447 1230 1515 apud
1245 1446 1401 1513 Groeeos(§
1412 1449 1440 1514 8)
1459 1450 1511 1500 215

369 1536 426 1588 111.
446 1536 487 1587 De
505 1535 635 1588 arborum
654 1537 681 1587 et
699 1534 864 1587 animalium
882 1535 1060 1587 veneratione
1079 1535 1195 1588 fortasse
1213 1536 1249 1587 ad
1267 1539 1440 1588 mortuorum

445 1626 551 1678 oultum
571 1624 727 1693 pertinente
745 1624 820 1692 apud
839 1623 958 1676 Graeoos
976 1625 1003 1690 (ξ
1022 1624 1051 1691 3)
1077 1663 1439 1677 .........
1459 1626 1511 1676 216

375 1715 425 1767 IV.
445 1714 486 1767 De
505 1713 654 1767 totemismi
673 1712 801 1783 uestigiis
818 1713 893 1781 apud
913 1712 1030 1766 Graeoos
1050 1713 1092 1780 (ἐξ
1114 1715 1229 1780 10-29)
1255 1751 1439 1766 .....
1459 1715 1510 1764 218

445 1842 480 1893 Α.
499 1840 540 1891 De
559 1839 747 1892 saeerdotibus
766 1839 830 1891 deos
850 1837 1124 1906 repraesentantibus
1144 1839 1187 1906 (55
1208 1839 1349 1903 11-17).
1372 1877 1394 1907 Ι.
1433 1875 1439 1889 .
1459 1840 1511 1888 218

445 1930 480 1982 Β.
502 1928 543 1981 De
558 1927 656 1981 hostiis
676 1927 761 1981 saeris
779 1928 822 1995 (ἐξ
843 1930 959 1994 18-22)
987 1964 1438 1980 ...........
1459 1929 1511 1979 222

447 2019 476 2071 0.
500 2018 541 2070 De
560 2017 697 2070 universis
716 2017 881 2069 animalium
900 2016 1044 2084 speeiebus
1063 2017 1186 2070 adoratis
1204 2018 1231 2085 (ξ
1251 2018 1305 2082 23).
1343 2055 1349 2068 .
1388 2054 1394 2068 .
1432 2018 1510 2068 ,226

445 2108 480 2160 D.
500 2107 541 2159 Da
560 2107 685 2175 gentium
704 2109 732 2157 et
752 2106 851 2176 δήμων
870 2106 1028 2159 nominibus
1047 2106 1082 2158 ad
1101 2107 1234 2159 animalia
1252 2106 1310 2158 sive
1329 2104 1439 2173 plantas

499 2196 703 2264 pertinentibus
722 2196 765 2262 (ἐξ
785 2198 902 2264 24-25)
944 2233 969 2261 ,Ι
989 2233 1439 2249 ...........
1459 2195 1511 2245 227

445 2286 479 2339 Ε.
501 2285 542 2338 De
560 2284 680 2338 nummis
699 2285 858 2354 frequenter
878 2283 1011 2337 animalia
1030 2285 1228 2337 exhibentibus
1249 2286 1276 2352 (ὅ
1296 2285 1350 2350 26).
1388 2323 1393 2336 .
1432 2325 1438 2337 .
1458 2287 1512 2335 230

445 2376 479 2428 F.
501 2375 542 2427 De
561 2377 685 2427 materna
704 2376 840 2441 potestate
859 2374 885 2440 (ξ
904 2376 950 2440 27)
988 2411 1439 2426 ...........
1459 2376 1512 2424 230

448 2464 480 2515 G.
500 2463 541 2514 De
559 2462 708 2515 totemismi
727 2462 853 2531 uestigiis
872 2462 946 2529 apud
966 2465 1071 2514 eeteros
1088 2463 1205 2531 populos
1222 2462 1438 2532 Indogermanos

499 2552 542 2620 (tt
562 2553 678 2619 28-29)
721 2590 1439 2606 .................
1459 2554 1507 2604 231

390 2677 424 2729 V.
444 2677 484 2729 De
512 2675 675 2728 animalium
703 2676 833 2729 arborum
859 2691 989 2728 saxorum
1009 2678 1088 2729 cultu
1106 2679 1181 2745 apud
1200 2681 1304 2731 eeteros
1323 2677 1439 2745 populos

446 2764 681 2818 Indo-Germanos
700 2766 743 2832 (ἕξ
762 2767 879 2832 30-39)
896 2804 1437 2819 .............
1459 2769 1510 2818 232

374 2855 426 2908 VI.
445 2854 506 2916 Qua
533 2854 579 2907 ria
607 2870 639 2907 ao
666 2854 774 2907 ratione
801 2855 877 2922 apud
895 2853 1014 2908 Graeoos
1032 2856 1139 2923 priseae
1157 2857 1210 2908 hae
1228 2855 1439 2922 superstitiones

446 2944 581 3012 paulatim
609 2943 772 2996 obliteratae
790 2944 846 2996 sint
865 2947 949 3012 atque
968 2945 1274 3012 anthropomorphismo
1293 2944 1439 3009 oesserint,

446 3033 476 3084 in
504 3033 628 3101 quinque
652 3031 816 3097 quibusdam
835 3049 928 3086 rerum
948 3049 1089 3086 saerarum
1108 3034 1257 3104 generibus
1276 3033 1438 3101 eonspioua,

445 3122 594 3189 exponitur
613 3120 784 3189 (indioantur
802 3123 871 3175 haee
891 3138 993 3192 genera
1011 3123 1041 3174 in
1060 3124 1075 3191 ξ
1094 3125 1140 3190 44)
1159 3121 1203 3195 (ἕξ
1222 3125 1348 3190 40-80).
1386 3163 1392 3175 .
1431 3162 1436 3175 .
1457 3125 1508 3174 239

444 3244 478 3296 Α.
498 3245 539 3296 De
558 3244 647 3312 primo
666 3261 766 3314 genere
784 3246 814 3297 in
833 3246 848 3314 ἕ
868 3250 900 3298 44
920 3246 1042 3300 indicato
1062 3248 1089 3315 (ᾗ
1108 3249 1154 3314 45)
1160 3283 1436 3300 .......
1456 3250 1508 3299 242

446 3333 479 3385 Β.
502 3334 542 3385 Da
561 3334 680 3386 seeundo
719 3373 731 3401 „
790 3373 802 3400 „
861 3373 874 3401 „
969 3375 981 3402 ῃ
1062 3336 1105 3403 (ἐξ
1124 3338 1241 3403 46-50)
1253 3373 1438 3388 .....
1458 3338 1509 3386 242

447 3422 476 3474 0.
501 3422 542 3473 De
560 3422 643 3474 tertio
717 3462 730 3490 „
788 3462 801 3490 „
860 3463 873 3489 „
967 3463 980 3491 ,‚
1061 3425 1105 3491 (ἕξ
1124 3426 1241 3491 51-62)
1253 3462 1438 3477 .....
1458 3428 1509 3477 244

446 3511 482 3563 D.
501 3510 542 3563 De
562 3514 661 3580 quarto
722 3551 735 3579 „
793 3551 806 3579 „
865 3552 878 3578 „
972 3552 984 3579 „
1064 3514 1107 3581 (ξς
1127 3516 1260 3579 63-64).
1299 3550 1305 3565 .
1342 3552 1349 3564 .
1387 3552 1394 3567 .
1432 3517 1509 3566 ,256

445 3599 480 3651 E.
505 3599 545 3652 De
565 3600 662 3667 quinto
719 3639 732 3668 „
790 3639 803 3668 ‚,
861 3640 875 3668 „
968 3641 981 3667 „
1062 3602 1259 3670 (31565-80).
1297 3641 1303 3655 .
1342 3640 1348 3654 .
1386 3642 1392 3654 .
1429 3604 1438 3655 ’.
1458 3605 1508 3656 257

358 3721 426 3776 VII.
445 3723 501 3777 Cur
520 3725 732 3793 superstitiones
751 3725 859 3794 priseae
878 3725 1077 3793 posterioribus
1087 3726 1259 3795 temporibus
1269 3726 1438 3780 reviruerint

446 3813 489 3880 (tt
509 3816 626 3881 81-85)
629 3853 1438 3870 ...................
1458 3818 1509 3868 aer

340 3934 442 3989 Thesea
453 3974 1438 3994 .......................
1458 3943 1507 3993 271
