3442 5175
773 355 899 424 aab

281 559 430 640 ferrent,
460 576 629 644 anguem,
661 555 723 643 qui
753 574 790 621 se
819 553 856 619 in
887 572 1012 619 navem
1037 573 1158 620 eorum
1176 551 1393 649 contulerat,
1416 553 1455 618 in

281 701 351 769 quo
374 681 490 769 ipsum
514 699 645 746 numen
668 697 743 746 esse
765 676 965 757 constabat,
990 675 1276 763 deportaverunt.

326 805 374 871 uf.
404 802 503 872 Ovid.
529 800 807 885 MetXV670,
832 800 1080 889 Augustino.
1106 800 1146 867 D.
1169 799 1219 867 Ill
1246 798 1297 884 17,
1323 799 1453 868 Arnob.

282 927 346 996 VII
369 926 450 995 41..

327 1053 430 1120 Paus.
450 1049 497 1118 ill
520 1049 581 1137 23,
606 1050 637 1117 7.
661 1058 793 1137 λέγουσι
816 1056 850 1118 δὲ
874 1063 929 1119 καὶ
952 1058 993 1131 ὡς
1016 1057 1148 1118 οἴκοθεν
1171 1059 1206 1117 ἐκ
1228 1062 1280 1136 τῆς
1302 1055 1454 1118 Ἐπιδαύ-

284 1205 342 1265 ρου
366 1181 523 1265 δράκοντα
545 1184 756 1261 ἐπαγομένοις
779 1184 887 1254 αὐτοῖς
906 1183 1056 1261 ἐξέφυγεν
1075 1182 1109 1241 ἐκ
1128 1179 1453 1262 τῆςνεὼςὸὁράκων,

283 1310 428 1387 ἐκφυγὼν
463 1305 497 1368 δὲ
527 1309 566 1368 οὐ
596 1309 704 1388 πόρρω
727 1303 840 1367 κατέδυ
864 1306 1053 1384 θαλάσσης,
1076 1311 1132 1366 καὶ
1155 1308 1266 1386 σφίσιν
1289 1307 1372 1383 ὁμοῦ
1395 1311 1455 1366 τῶν

283 1435 455 1514 ὀνειράτων
478 1439 514 1513 τῇ
537 1435 611 1509 ὄψει
635 1438 690 1492 και
713 1433 779 1492 άπὸ
802 1436 856 1491 τοῦ
882 1434 1016 1509 σημείου
1040 1435 1095 1491 τοῦ
1118 1434 1199 1491 κατὰ
1222 1434 1276 1491 τὸν
1299 1428 1456 1512 ὁράκοντα

283 1556 391 1634 ἔὸοξεν
421 1557 537 1618 αὐτόθι
570 1559 822 1635 καταμείναντας
851 1559 979 1633 οἰκῆσαι
1011 1547 1193 1636 (Epidauri
1218 1547 1395 1623 Limerae,
1418 1549 1456 1615 in

284 1674 370 1743 urbe
401 1673 601 1761 Laconiae).
633 1687 688 1742 aut
720 1681 804 1741 ἔνθα
836 1681 854 1741 ὁ
887 1677 1013 1762 ὅράκων
1037 1677 1167 1753 καιὲὁυ,
1191 1681 1299 1758 βωμοί
1320 1681 1352 1740 τὲ
1375 1683 1456 1742 εἰσιν

286 1805 485 1885 Ἀσκληπιοῦ
508 1810 563 1866 καὶ
586 1803 697 1866 ἐλαῖαι
719 1810 792 1885 περὶ
816 1805 932 1875 αὐτοὺς
954 1806 1124 1882 πεφύκασι.

329 1922 432 1989 Paus,
469 1920 500 1988 ll
536 1919 597 2005 10,
627 1919 659 1988 3.
687 1934 767 2008 φασι
790 1926 824 1988 dt
846 1930 958 2007 σφίσιν
981 1928 1015 2002 ἐξ
1038 1924 1236 2007 Ἐπιόαύρου
1258 1928 1457 2008 κομισθῆναι

286 2044 499 2133 (Sicyonem)
523 2055 576 2113 τὸν
596 2052 677 2113 θεὸν
695 2052 748 2112 ἐπὶ
767 2050 898 2129 ζεύγους
917 2051 1077 2128 ημιόνων,
1098 2048 1245 2131 δράκοντι
1257 2054 1454 2130 εἰκασμένον.

330 2167 380 2235 Cf.
404 2167 447 2236 de
475 2175 670 2254 Ἀσκληπιοῦ
692 2166 912 2256 serpentibus
936 2166 1027 2233 iufra
1050 2165 1100 2233 Hi
1123 2165 1186 2248 14,
1211 2168 1229 2256 5
1252 2167 1329 2235 253.

258 2365 261 2371 Ι
330 2383 348 2470 ἕ
381 2380 457 2449 231.
484 2380 551 2472 [2].
577 2382 634 2448 De
658 2387 752 2459 Διὸς
775 2381 870 2447 sive
893 2386 1102 2448 Διονύσου
1125 2386 1346 2466 Σαβαζίου
1370 2402 1453 2449 ser·

286 2512 419 2596 pente
433 2507 469 2594 l).

331 2629 503 2717 Theophr.
530 2628 632 2696 Char.
654 2628 708 2695 16.
730 2638 788 2696 ἐὰν
800 2634 852 2718 ἴδη
865 2638 940 2715 ὄφιν
952 2638 987 2697 ἐν
998 2642 1034 2718 τῇ
1046 2640 1142 2718 οἰκία,
1155 2636 1327 2715 Σαβάζιον
1337 2638 1456 2700 καλῶν.

331 2755 471 2821 Firmic.
495 2753 578 2821 Mat.
602 2751 634 2819 2.
655 2753 837 2821 Sebasium
857 2752 1010 2821 colentes
1032 2754 1166 2834 Iovem,
1187 2774 1356 2842 anguem,
1376 2776 1456 2822 cnm

286 2880 489 2962 initiantur,
528 2898 588 2965 per
617 2877 733 2944 sinum
765 2875 917 2960 ducunt,
949 2875 1064 2944 adhuc
1094 2877 1199 2965 primi
1222 2878 1350 2945 erroris
1375 2877 1459 2944 vitia

286 3008 509 3093 grassantur,
532 3006 568 3069 et
591 3000 759 3089 quicquid
776 3000 954 3067 hominem
975 3000 1101 3090 perdit,
1120 3000 1263 3087 colitur,
1283 3006 1319 3069 et
1331 3001 1459 3070 funesti

288 3128 412 3215 anguis
435 3125 771 3213 callidacrndelitas
794 3124 970 3192 adoratur.
1389 3219 1392 3224 Ι
1426 3120 1428 3125 “

332 3249 462 3317 Arnob.
498 3250 527 3317 V
561 3248 614 3316 21.
654 3250 842 3316 Auctorem
879 3248 1006 3337 aliquis
1039 3248 1250 3316 desiderabit
1281 3250 1350 3335 roi,
1381 3255 1457 3317 tum

287 3373 386 3441 illum
421 3373 607 3440 citabimus
640 3373 763 3440 tritum
799 3377 992 3461 notumque
1027 3373 1204 3440 senarium
1236 3393 1340 3463 quem
1366 3373 1458 3440 anti·

288 3497 404 3586 qnitas
429 3496 540 3582 canit,
565 3496 700 3565 dicens:

411 3621 569 3689 »Taurus
592 3620 779 3688 draconem
803 3619 944 3707 genuit,
968 3625 1003 3687 et
1026 3624 1169 3688 taurum
1194 3620 1332 3689 draco.''

333 3746 413 3835 Ipsa
435 3746 623 3814 novissima
646 3765 763 3826 sacra,
790 3749 825 3812 et
846 3744 937 3812 ritus
959 3744 1166 3813 initiationis
1185 3745 1312 3834 ipsius,
1332 3748 1460 3836 quibus

288 3869 444 3937 Sabadiis
468 3889 614 3953 nomen,
637 3870 839 3937 testimonio
864 3889 938 3938 esse
962 3874 1128 3957 poterunt
1152 3869 1310 3954 veritati,
1331 3872 1367 3938 in
1380 3871 1461 3959 qui·

289 3993 354 4061 bns
388 4013 515 4061 aureus
550 3992 690 4061 coluber
724 3993 760 4059 in
795 3993 912 4060 sinum
947 3992 1137 4060 dimittitur
1168 3996 1394 4075 consecratis,
1425 4002 1461 4064 et

289 4118 456 4185 eximitur
478 4138 601 4186 rursus
624 4118 667 4186 ab
691 4112 915 4185 inferioribus
941 4117 1111 4205 partibus.

327 4316 347 4383 ¹)
375 4315 507 4369 Sabazius
535 4316 647 4384 quidem
677 4314 744 4367 deus
772 4315 908 4368 Thracius
937 4318 993 4381 est,
1018 4316 1065 4370 sed
1091 4315 1239 4369 adraeois
1258 4315 1369 4370 ascitus.
1388 4316 1461 4370 Vide

290 4403 387 4458 Rhode
405 4405 513 4474 Psyche
533 4405 564 4457 II
585 4406 614 4472 7,
634 4407 659 4458 3.
