3442 5175
812 426 857 495 85

256 620 383 709 positos
406 621 521 689 fuisse.
545 622 696 711 Dignum
718 629 835 691 autem
857 629 910 691 est
933 625 1026 712 quod
1046 624 1267 707 observetur,
1288 626 1419 715 lapides

256 750 377 812 unctos
407 750 545 813 tautum
573 746 616 814 ab
639 747 838 815 hominibus
864 749 1111 836 superstitiosis
1135 750 1245 818 cultos
1268 771 1358 846 esse,
1381 754 1417 820 iu

256 877 373 958 ἑρμαῐα
391 875 512 937 contra
529 869 682 958 lapidem
694 871 862 939 coniicere
878 872 1038 940 omnibus
1051 874 1156 940 moris
1168 874 1289 958 fuisse3
1312 896 1418 963 quam

255 990 298 1059 ob
319 1012 394 1060 rem
417 993 468 1060 illi
488 994 633 1061 fortasse
656 995 766 1083 ignoti
790 994 971 1063 cuiusdam
990 996 1083 1085 genii
1102 996 1225 1066 domus
1244 999 1419 1068 habeban-

255 1121 330 1200 tur,
364 1124 403 1186 ut
436 1119 685 1208 posterioribus
714 1119 930 1208 temporibus
960 1140 1029 1187 non
1063 1122 1130 1190 nisi
1153 1124 1197 1190 ab
1220 1124 1419 1193 hominibus

255 1244 501 1333 superstitiosis
532 1245 745 1329 colerentur,
781 1245 867 1313 haee
903 1249 1041 1330 eontra,
1075 1247 1157 1335 quia
1189 1254 1292 1338 Ἑρμῇ
1322 1270 1419 1317 sacra

255 1373 379 1452 essent,
403 1369 563 1438 omnibus
587 1369 727 1438 Graecis
750 1369 973 1437 veneratione
996 1370 1101 1459 digua
1125 1371 1344 1440 videbantur.

299 1489 381 1580 580.
395 1492 573 1571 Quomodo
585 1499 701 1562 autem
715 1503 833 1583 ἑρμαῐα
845 1493 1107 1581 interpretanda
1118 1498 1221 1563 sunt?
1236 1495 1420 1565 Schmidtii

255 1615 454 1685 coniectura
476 1618 753 1708 ingeniosissima
773 1619 913 1707 quidem
935 1622 1001 1696 est,
1014 1618 1073 1686 sed
1087 1618 1180 1686 haud
1192 1609 1261 1687 scid
1274 1641 1319 1688 an
1331 1621 1419 1711 lapi·

254 1741 348 1809 datio
365 1742 446 1810 talis
465 1743 654 1832 symbolica
669 1742 713 1811 ab
733 1742 932 1810 hominibus
953 1743 1085 1831 priscis,
1106 1741 1282 1811 hominem
1294 1745 1419 1813 sceles-

254 1872 330 1935 tum
354 1888 392 1934 re
414 1887 496 1935 vera
519 1869 760 1957 potiusquam
784 1867 971 1957 symbolice
990 1867 1162 1956 lapidibus
1182 1868 1419 1953 obruentibus,

255 1992 407 2060 alienum
436 1993 497 2077 sit3
521 2014 626 2082 quam
651 1993 693 2061 ob
717 2013 789 2060 rem
813 2002 932 2082 ἑρμαῖα
954 2012 993 2060 eo
1017 1992 1118 2060 modo
1142 1998 1217 2060 orta
1240 2012 1313 2061 esse
1333 1993 1420 2060 mibi

256 2118 371 2186 miuus
400 2118 563 2187 credibile
586 2118 735 2186 videtur.
767 2117 969 2186 Totemismi
992 2123 1105 2185 aetate
1129 2117 1253 2186 altaria
1275 2117 1419 2185 tortasse

254 2242 411 2323 lucrant,
442 2242 479 2309 in
510 2242 637 2331 quibus
667 2243 790 2310 totemi
813 2243 954 2331 sanguis
977 2242 1237 2325 effundebatur,
1261 2241 1305 2309 ad
1328 2263 1418 2330 quae

201 2436 204 2439 ,
253 2373 372 2435 tamen
405 2373 542 2457 postea,
572 2369 770 2436 totemismo
800 2367 973 2435 oblivione
996 2387 1158 2456 oppresso
1182 2365 1418 2456 altaribusque

256 2494 399 2563 deorum
430 2493 569 2563 sedibus
599 2493 716 2577 factis,
746 2491 878 2581 lapides
908 2512 971 2580 pro
1002 2491 1100 2559 donis
1122 2491 1356 2576 iaciebantur,
1380 2495 1419 2559 ut

255 2638 357 2707 saepe
380 2620 420 2687 fit
442 2619 534 2708 apud
558 2619 715 2686 homines
737 2617 894 2686 incultos.
927 2616 1024 2695 Quae
1046 2621 1165 2686 tamen
1189 2618 1305 2685 omnia
1318 2617 1419 2685 valde

119 2766 122 2769 “
254 2744 418 2833 ambigua
442 2747 541 2823 sunt,
566 2763 679 2832 neque
703 2742 891 2831 quicquam
910 2742 948 2809 in
971 2741 1038 2809 bae
1061 2762 1098 2809 re
1122 2762 1184 2830 pro
1205 2747 1299 2810 certo
1311 2742 1418 2809 statui

254 2872 377 2956 potest.

300 2992 318 3082 ἕ
340 2992 392 3061 81.
424 2993 473 3061 De
497 2992 651 3081 lapidum
683 2991 908 3081 congeriebus
938 2991 980 3059 cf.
1006 2992 1045 3058 R.
1071 2989 1226 3073 Andros,
1252 2990 1417 3079 Etbnogr.

258 3117 381 3187 Parall.
413 3140 446 3188 u.
480 3117 594 3206 Vergl.
626 3139 681 3207 pp.
713 3116 757 3184 46
779 3138 872 3206 sqq..
892 3116 935 3184 de
956 3115 1129 3204 lapidibus
1152 3115 1314 3183 coniectis
1338 3116 1417 3183 Lie-

257 3243 397 3322 brecbt,
421 3264 482 3311 zur
505 3242 727 3310 Volkskunde
746 3263 802 3331 pp.
824 3239 890 3308 267
910 3262 983 3329 sqq.
1008 3240 1054 3307 De
1068 3249 1211 3330 ἑρμαὶοις
1223 3239 1300 3307 vide
1313 3240 1417 3308 etiam

258 3368 415 3453 Scherer,
447 3368 611 3436 Roscheri
637 3367 681 3434 M.
707 3367 743 3435 L.
770 3366 785 3433 I
811 3366 851 3452 2,
875 3364 982 3451 2382,
1004 3372 1040 3434 et
1062 3345 1187 3455 Lewy,
1211 3365 1331 3433 Philol.
1357 3364 1418 3433 LlI

186 3465 193 3477 '
258 3493 377 3584 (racc)
400 3514 432 3582 p.
456 3492 531 3563 aaa.
