3442 5175
869 343 937 412 abo

370 539 430 620 11)
455 540 502 608 In
526 539 790 608 Acarnania.

327 664 598 755 D1.lnprom.
622 665 724 734 Aetio
789 665 856 734 Bos
880 666 1007 734 muscis
1030 665 1258 735 mactabatur.
1413 667 1484 736 219

369 916 426 1003 15)
447 916 494 984 In
517 916 661 1005 Epiro.

325 1040 401 1109 Α2.
424 1040 629 1110 Ambraciae
797 1038 1390 1124 Obebscustaeniisomatusrruoa

837 1172 907 1234 λων
928 1168 1083 1251 Ἀγυιεύς).
1433 1167 1480 1235 24

422 1290 516 1360 Orici
792 1297 999 1370 ’Λπόλλωνος
1031 1297 1176 1377 'Andos
1197 1290 1374 1360 obeliscus
1433 1291 1480 1358 25

323 1414 399 1484 01.
422 1414 583 1485 Dodonae
794 1423 866 1496 Διὸς
887 1435 1035 1505 quercus
1057 1414 1207 1482 fatidica.
1410 1415 1478 1483 102

323 1539 399 1609 02.
490 1590 507 1624 ,,
962 1591 977 1622 „
1114 1590 1130 1622 „
1409 1540 1478 1608 102

323 1663 352 1732 D
372 1663 398 1732 l.
424 1665 627 1735 Ambraciae
793 1592 929 1734 nisena
952 1649 1139 1745 colebatur,
1162 1665 1245 1754 quia
1263 1669 1388 1754 tyran·

837 1809 921 1858 num
946 1789 1147 1857 necavisset.
1410 1789 1477 1857 226

477 1915 491 1979 l
794 1914 978 2003 Serpentes
1029 1914 1118 1982 sacri
1171 1914 1302 1982 fatidici
1350 1916 1388 1982 in
1531 1923 1534 1926 ’

687 2131 691 2138 ⁴
840 2041 1048 2120 Ἀπόλλοψος
1068 2039 1199 2129 templo
1221 2040 1356 2108 nutriti.
1408 2038 1476 2107 210

322 2159 396 2228 [12
422 2159 590 2251 Cassopae
793 2163 952 2252 Serpens.

363 2409 420 2496 16)
444 2411 493 2478 ln
515 2410 711 2501 illyrico.

320 2533 394 2603 Λ1.
419 2533 618 2626 Apolloniae
791 2540 1002 2619 ’Λπόλλωνος
1025 2543 1173 2625 Ἀγυιέως
1195 2538 1374 2609 obeliscus.
1429 2540 1475 2609 26

319 2658 394 2728 02.
510 2712 524 2744 „
787 2663 858 2730 Dea
894 2662 1016 2730 sedens
1049 2664 1085 2731 in
1115 2665 1262 2753 temp103
1285 2666 1385 2734 iuxta

833 2787 1005 2876 templum
1028 2787 1051 2854 4
1073 2791 1237 2878 cupressi.
1405 2791 1474 2860 209

360 3036 416 3123 17)
441 3036 488 3104 In
513 3036 757 3106 Thessalia.

316 3159 390 3230 Al.
415 3160 512 3228 Aeni.
788 3161 924 3229 Phemii
945 3161 1032 3251 lapis
1055 3181 1161 3231 sacer.
1427 3167 1473 3236 49

317 3283 390 3353 02.
415 3284 526 3353 Cierii.
730 3305 732 3309 ’
791 3285 983 3374 Ἀσκληπιὸς
1001 3291 1063 3355 aut
1079 3287 1249 3358 Ἀπόλλων
1261 3290 1383 3359 sedens

830 3418 910 3478 ante
941 3410 1098 3478 arborem
1122 3412 1253 3481 circum
1277 3435 1382 3502 quam

830 3535 981 3604 volvitur
1004 3556 1153 3626 serpens.
1404 3540 1471 3610 188

414 3657 594 3746 Metropoli
788 3659 914 3750 Ἀφροὸ.
939 3666 1085 3730 Καστνια
1106 3662 1142 3729 in
1162 3683 1247 3751 rupe
1260 3664 1381 3734 sedens

829 3785 894 3853 sub
917 3786 1048 3854 arbore.
1403 3791 1470 3861 189

313 3903 385 3973 Dl.
410 3904 575 3974 Universa
786 3909 944 3978 Ciconiae
978 3910 1148 3980 Thessalis
1181 3917 1381 3983 veneratori

828 4039 936 4101 erant.
1402 4041 1469 4109 215

784 4158 961 4226 Formione
1001 4160 1251 4244 adorabantur,
1298 4166 1380 4253 quia

782 4298 783 4303 ’
828 4289 905 4363 Ζεὺς
927 4283 1089 4354 formicae
1112 4288 1224 4375 specie
1236 4289 1380 4360 indutus

826 4409 1078 4498 Myrmidonem
1101 4414 1284 4501 genuisset.
1400 4416 1465 4485 217
