3442 5175
618 1716 841 1792 LIBER
884 1715 960 1792 ΙΙΙ.

270 2009 337 2080 De
361 2009 652 2080 Graecarum
676 2006 1097 2092 superstitionum,
1122 2017 1244 2090 quae
1267 2016 1364 2075 non

335 2133 451 2206 sunt
472 2131 1009 2217 anthropomorphioae,
1032 2129 1221 2200 ratione
1243 2141 1299 2200 eo

410 2258 595 2330 nature.
619 2256 865 2345 Quomodo
889 2255 1125 2341 paulatim
1148 2269 1228 2326 an-

446 2382 913 2469 thropomorphismo
939 2380 1182 2453 cesserint.

714 2663 925 2673 *—

281 2919 351 3007 §t
383 2917 424 2985 In
455 2917 543 2986 libro
573 2919 685 3007 primo
714 2917 865 2985 vidimus
896 2917 1016 2985 multis
1040 2918 1152 2986 causis
1176 2918 1334 2986 homines
1357 2918 1399 2986 ad

236 3064 398 3111 saxorum
419 3045 577 3133 stipitum
596 3043 796 3131 plantarum
816 3043 1020 3110 animalium
1040 3044 1299 3111 venerationem
1319 3065 1399 3132 per-

236 3169 357 3238 ductos
381 3190 455 3236 esse
479 3169 653 3258 variisque
678 3168 788 3236 modis
811 3189 852 3234 ea
876 3169 1029 3235 adorare.
1062 3168 1269 3236 Perdiffioile
1292 3171 1400 3258 igitur

236 3299 288 3361 est
317 3299 489 3379 statuere,
513 3293 681 3382 equibus
705 3292 859 3360 fontibus
882 3293 947 3359 hae
970 3293 1233 3382 superstitiones
1257 3285 1399 3361 emana-

236 3419 350 3487 verint
391 3421 428 3486 iu
464 3419 626 3504 Graecia,
663 3419 723 3486 ubi
758 3418 1009 3506 antiquissimis
1039 3418 1270 3505 temporibus,
1302 3419 1400 3486 nobis

235 3544 336 3633 plane
371 3545 545 3629 obscuris,
581 3564 638 3612 cas
668 3545 819 3633 viguisse
851 3543 1019 3632 reliquiae
1043 3563 1104 3610 nos
1129 3543 1263 3610 docent.
1289 3543 1398 3630 Nam,

234 3670 315 3738 licet
336 3689 399 3758 pro
423 3674 518 3737 certo
542 3669 649 3736 statui
672 3688 770 3758 posse
794 3668 973 3747 videatur,
998 3668 1222 3734 animismum
1242 3668 1398 3734 omniurn

234 3794 359 3862 horum
391 3794 551 3862 cultuum
581 3792 847 3860 fundamentum
882 3812 974 3876 esse,
1006 3796 1079 3858 tam
1104 3791 1234 3859 inultae
1256 3798 1399 3880 tamque

234 3919 390 3987 diversae
414 3918 677 4008 superstitiones
704 3956 743 3968 -
770 3917 878 3984 immo
902 3917 1045 4005 quaevis
1068 3916 1189 4005 religio
1212 3955 1255 3966 -
1280 3937 1319 3984 eo
1343 3918 1398 3983 ni-

233 4049 375 4131 tuntur,
412 4049 451 4112 ut
485 4043 640 4112 definitio
675 4048 747 4110 tam
779 4063 867 4130 vaga
897 4041 996 4110 nobis
1025 4041 1169 4109 minime
1201 4040 1398 4109 satisfacere

233 4169 350 4258 possit.
382 4168 505 4257 ltaque
532 4171 649 4237 variae
673 4188 796 4237 causae
821 4167 921 4235 nobis
944 4166 1162 4255 indagandae
1185 4170 1283 4246 sunt,
1308 4187 1398 4254 quae

232 4294 336 4362 hasce
366 4295 578 4363 Graecorum
610 4294 873 4384 superstitiones
903 4293 1120 4381 pepererint,
1153 4312 1222 4379 qua
1255 4291 1292 4357 in
1315 4312 1397 4358 rea

232 4418 387 4507 lapidum
418 4421 647 4510 stipitumquc
677 4418 958 4487 venerationibus
989 4418 1181 4497 ordiemur,
1207 4416 1331 4483 deiude
1355 4416 1397 4481 do
1430 4476 1433 4483 .

204 4602 208 4613 .
232 4543 396 4612 arborum
420 4550 454 4612 et
478 4544 681 4612 animalium
705 4544 855 4612 cultibus
879 4543 1144 4633 disputabimus.

1258 4670 1290 4717 14
