3442 5175
886 391 953 460 280

837 720 1001 790 XXXIII.

378 966 554 1057 Euripidis
586 969 765 1059 tragoedia
799 969 855 1039 cui
883 990 1008 1038 nomen
1041 969 1177 1039 Electra
1212 972 1322 1041 multo
1355 974 1504 1042 inferior

334 1096 386 1159 est
411 1092 572 1182 Aeschyli
595 1099 630 1161 et
650 1093 826 1183 Sophoclis
844 1094 1031 1184 tragoediis
1050 1095 1093 1163 de
1106 1095 1237 1165 Orestis
1248 1096 1379 1166 ultione
1392 1120 1503 1189 agen-

332 1216 444 1301 tibus3
467 1218 665 1308 tragoediae
687 1219 850 1308 dignitati
872 1220 1045 1309 imprimis
1068 1219 1276 1290 detrimento
1296 1229 1348 1292 est
1359 1224 1504 1294 colonus

335 1342 491 1424 Electrae
514 1345 678 1428 maritus,
702 1364 806 1432 quem
830 1343 1025 1413 introduxit
1047 1344 1239 1434 Euripides,

836 1691 996 1761 XXXIV.

380 1968 458 2036 Tac.
483 1968 598 2038 Germ.
618 1966 680 2037 13:

379 2093 527 2183 Insignis
559 2093 720 2163 nobilitas
755 2099 817 2162 aut
849 2114 978 2182 magna
1007 2101 1147 2185 patrum
1179 2094 1303 2163 merita
1333 2096 1504 2187 principis

335 2219 575 2307 dignationem
611 2219 717 2286 etiam
753 2219 1018 2288 adolescentulis
1049 2220 1243 2308 assignant:
1268 2222 1374 2289 ceteri
1393 2222 1504 2291 robu-

335 2345 499 2413 stioribus
520 2365 560 2412 ac
583 2345 653 2412 iam
676 2344 812 2434 pridem
835 2345 991 2434 probatis
1015 2345 1259 2434 adgregantur.

379 2470 453 2537 Vox
476 2467 673 2558 »dignatio’'
697 2489 837 2537 sensum
857 2468 1101 2558 explicativum
1127 2469 1251 2554 habet;
1272 2490 1355 2538 voce
1380 2472 1503 2560 »prin-

335 2595 435 2684 ceps''
459 2615 528 2663 non
552 2614 613 2662 rex
637 2594 697 2662 sed
721 2595 791 2664 dux
816 2594 1042 2685 significatur.

847 2941 987 3010 XXXV.

379 3221 453 3288 Liv.
477 3218 559 3287 XXI
584 3218 644 3300 II,
668 3216 707 3285 3:

378 3344 523 3413 Interim
557 3344 690 3411 animos
725 3363 846 3411 eorum
881 3362 974 3410 nunc
997 3341 1049 3408 ira
1071 3342 1107 3409 in
1131 3342 1246 3410 hostes
1270 3340 1507 3430 stimulando,

333 3491 427 3538 nunc
460 3490 520 3560 spe
554 3468 789 3558 praemiorum
823 3467 991 3535 accendit.

377 3593 550 3665 Delendae
574 3599 655 3661 sunt
678 3613 778 3662 voces
803 3594 860 3662 »in
884 3593 1000 3661 hostes
1023 3590 1266 3660 stimulando.'’

838 3939 996 4010 XXXVI.

380 4219 448 4287 Cic.
473 4216 572 4286 Catil.
597 4216 674 4301 II,
699 4216 739 4284 l:

377 4343 468 4422 Quid
491 4344 668 4432 proxima,
692 4341 776 4430 quid
799 4341 977 4430 superiore
1001 4344 1102 4408 nocte
1126 4340 1247 4430 egeris.

377 4467 551 4535 Delendae
575 4472 657 4535 sunt
679 4486 780 4535 voces
804 4465 910 4555 »quid
934 4466 1142 4555 superiore’'.
