3442 5175
857 411 902 478 50

296 608 388 673 inter
419 605 487 673 duo
522 604 713 693 delphinos.
746 605 784 672 B.
817 605 863 671 Μ.
890 605 1008 672 Attica
1030 603 1113 690 121,
1134 603 1196 687 35,
1222 604 1281 670 Mi.
1306 603 1357 684 ΙΙ,
1380 602 1467 683 112,

296 727 373 795 325.
403 727 582 797 Obeliscus
611 728 699 795 vitta
723 735 884 797 ornatus:
909 729 947 795 B.
972 728 1019 795 M.
1042 726 1144 809 XXI,
1167 724 1228 806 13,
1252 747 1286 813 p.
1307 725 1390 809 121,
1411 725 1467 792 36.

341 848 519 918 307-243
538 871 568 917 6.
588 849 669 917 Chr.
689 872 739 922 n:
760 852 848 919 Adv.
870 873 991 941 prora,
1011 872 1064 918 av.
1086 849 1255 918 obeliscus
1275 850 1368 915 inter
1380 848 1467 916 duos

298 973 489 1063 delphinos.
514 974 572 1040 Mi.
595 973 628 1040 S.
649 973 699 1040 ΙΙΙ
719 973 803 1059 587,
823 972 907 1057 369,
929 975 970 1042 N.
992 972 1109 1059 6.,1.
1133 971 1171 1054 8,
1193 992 1225 1060 p.
1249 972 1289 1056 6,
1309 971 1348 1056 7,
1370 971 1466 1037 llead

297 1095 380 1175 339,
408 1095 623 1164 Head-Svor.
646 1096 762 1174 1189.

343 1347 361 1428 ξ
383 1342 437 1410 28.
463 1342 528 1433 [7].
552 1344 774 1431 Byzantii.
800 1347 1015 1428 (Ἀπόλλωνος
1038 1342 1236 1428 obeliscus).

343 1466 383 1532 ln
414 1466 567 1534 nummis
599 1466 775 1535 nonnullis
806 1466 1008 1554 Byzantinis
1039 1466 1211 1533 obeliscus
1238 1465 1469 1552 conspicitur,

297 1588 373 1657 basi
405 1588 575 1656 rotundae
609 1589 811 1677 impositus3
845 1591 990 1657 adversa
1025 1610 1106 1677 pars
1131 1593 1333 1667 ’Λπόλλωνος
1363 1592 1469 1677 caput

299 1710 449 1778 exhibet.
481 1711 574 1789 Quos
597 1732 759 1780 nummos
782 1718 860 1801 post
883 1712 948 1779 227
972 1733 1003 1780 a.
1028 1712 1108 1779 Chr.
1133 1733 1166 1779 n.
1189 1731 1370 1799 percussos
1395 1731 1469 1778 esse

299 1835 366 1932 viri
397 1835 490 1902 docti
520 1834 707 1904 affirmant.
731 1835 770 1902 Β.
797 1836 842 1902 Μ.
869 1835 1002 1902 Thrace
1027 1856 1058 1923 p.
1082 1834 1144 1915 96,
1168 1833 1230 1915 37,
1254 1836 1364 1902 Η661.
1386 1833 1468 1900 eon.

299 1957 314 2024 l
345 1979 377 2046 p.
410 1957 494 2041 394,
524 1957 564 2042 8,
596 1962 668 2044 Ἐφ.
701 1969 773 2047 ἀρχ.
805 1957 912 2041 1889,
943 1957 977 2041 l,
1005 1958 1043 2041 1,
1077 1957 1134 2024 Μ1.
1167 1957 1200 2025 S.
1225 1956 1364 2038 11211,
1388 1955 1468 2038 216,
1543 1989 1549 1994 ·

300 2081 358 2147 Μ1.
383 2080 398 2147 Ι
421 2080 506 2168 377,
525 2080 584 2165 93,
609 2081 788 2148 Ouerbeck
815 2080 856 2148 K.
883 2080 928 2146 M.
951 2080 1099 2169 Apollon
1124 2101 1181 2170 pp.
1205 2079 1227 2146 3
1251 2102 1326 2169 sqq.

344 2203 524 2272 Ouerbeck
556 2204 758 2283 addubitat,
785 2224 871 2271 num
908 2203 1077 2272 obeliscus
1108 2208 1298 2272 Ἀπόλλωνα
1328 2223 1469 2291 reprae-

300 2332 431 2409 sentet3
464 2327 636 2395 Svoronos
668 2331 753 2413 (Ἐφ.
787 2337 858 2415 capy.
885 2347 918 2414 p.
931 2324 988 2412 92)
1013 2335 1065 2394 ἐπι
1088 2341 1139 2412 τῆς
1163 2341 1312 2416 κορυφῆς,
1336 2326 1469 2414 inquit,

300 2464 410 2536 σχῆμα
444 2461 644 2539 παρεμφερὲς
675 2480 717 2536 με
746 2462 780 2518 τὸ
810 2458 968 2535 ἡμιτόμον
995 2460 1069 2531 dod,
1096 2454 1131 2516 et
1155 2450 1320 2537 Hesychii
1345 2448 1471 2516 Milesii

300 2567 407 2641 Verba
427 2565 533 2642 *afferi
557 2574 627 2660 (FP.
653 2575 742 2651 Hist.
766 2574 826 2642 Gr.
846 2573 905 2658 IV,
924 2595 957 2663 p.
977 2572 1057 2659 153)
1077 2581 1161 2641 ἔνθα
1179 2586 1234 2640 καλ
1253 2585 1313 2641 νῦν
1336 2583 1366 2641 oi
1389 2602 1470 2658 καμ-

300 2710 412 2785 πτῆρες
436 2702 571 2783 δηλοῦσι
594 2710 632 2764 τὰ
655 2711 716 2766 τῶν
740 2707 865 2787 ἐφόρων
888 2710 1092 2786 γνωρίσματα
1116 2702 1171 2763 διὰ
1189 2709 1251 2763 τῶν
1263 2704 1471 2780 ἐπικειμένων

284 2818 372 2888 ’ὠῶν
406 2834 469 2899 τοῖς
502 2818 638 2907 χαλκοῖς
672 2828 873 2905 ὀβελίσκοις,
907 2841 1011 2911 quam
1048 2819 1091 2887 ob
1122 2840 1196 2886 rem
1222 2818 1409 2887 obeliscum
1433 2819 1469 2885 in

301 2944 454 3011 nummis
485 2964 688 3032 expressum
719 2945 806 3012 nihil
837 2946 1001 3013 66666161
1029 2943 1174 3011 alteram
1200 2947 1375 3010 metarum
1399 2942 1471 3008 cir-

301 3066 458 3133 censium
492 3071 603 3155 putat.
637 3066 804 3135 Attamen
836 3068 967 3136 mirum
992 3067 1079 3133 mihi
1102 3066 1259 3145 videtur,
1285 3080 1470 3133 nummum

301 3186 448 3254 alteram
478 3193 617 3256 tantum
650 3195 781 3257 metam
813 3191 994 3268 exhibere3
1026 3195 1206 3278 practerea
1236 3188 1409 3276 tripodem
1434 3187 1471 3254 in

301 3330 382 3376 arca
414 3310 591 3389 videmus,
621 3333 726 3400 quem
751 3311 924 3382 Svoronos
948 3314 985 3380 in
1009 3314 1210 3380 certaminis
1233 3312 1471 3401 praemiorum

301 3454 448 3501 numero
471 3434 577 3503 fuisse
597 3437 788 3519 existimat,
803 3444 838 3505 et
846 3424 1041 3508 ’Ἄπόλλωνα
1054 3437 1317 3525 gymnasiorum
1331 3435 1471 3524 patroni

302 3572 447 3625 munere
481 3558 641 3627 functum
678 3580 769 3645 esse,
804 3561 952 3650 ideoque
987 3563 1024 3629 in
1059 3581 1286 3629 nummorum
1325 3559 1472 3627 adversa

300 3686 401 3768 parte
436 3682 588 3771 conspici
624 3683 793 3771 perhibet.
826 3684 923 3762 Quae
955 3685 1072 3751 omnia
1104 3684 1204 3751 valde
1235 3682 1341 3751 dubia
1373 3690 1470 3764 sunt,

301 3805 507 3891 praesertim
543 3806 626 3893 quia
661 3827 738 3873 mea
761 3806 904 3895 quidem
927 3808 1099 3874 sententia
1122 3806 1267 3874 minime
1289 3827 1352 3894 pro
1376 3813 1471 3876 certo

302 3928 409 3994 statui
433 3933 565 4015 potest,
588 3929 624 3995 id
647 3930 740 4017 quod
760 3950 864 4018 super
884 3929 1032 3997 obelisco
1052 3930 1089 3996 in
1102 3931 1256 3998 nummis
1268 3950 1470 4018 expressum

301 4050 462 4118 videmus
474 4071 512 4118 re
523 4072 605 4119 vera
618 4072 721 4120 ovum
736 4073 819 4121 esse.
833 4052 1005 4141 Equidem
1018 4052 1128 4120 multo
1141 4055 1256 4142 potius
1268 4038 1472 4134 ’Λπόλλωνος

302 4177 445 4259 Ἀγυιέως
476 4180 512 4241 et
544 4181 691 4265 Καρλνου
723 4176 889 4245 obeliscos
920 4176 988 4243 huc
1019 4176 1143 4244 allerre
1174 4177 1312 4258 malim,
1343 4177 1472 4266 quibus

302 4296 436 4364 collatis
457 4298 604 4383 Byzanti
624 4319 763 4387 quoque
782 4298 971 4367 obeliscum
984 4303 1174 4369 Ἀπόλλωνα
1194 4307 1472 4401 repraesentasse

301 4421 376 4488 veri
398 4420 615 4490 simillimum
641 4422 727 4488 mihi
746 4421 899 4491 videtur.
