<?xml version="1.0" encoding="UTF-8"?>
<!DOCTYPE html PUBLIC "-//W3C//DTD XHTML 1.0 Transitional//EN"
    "http://www.w3.org/TR/xhtml1/DTD/xhtml1-transitional.dtd">
<html xmlns="http://www.w3.org/1999/xhtml" xml:lang="en" lang="en">
 <head>
  <title>
</title>
<meta http-equiv="Content-Type" content="text/html;charset=utf-8" />
  <meta name='ocr-system' content='tesseract 3.04.00' />
  <meta name='ocr-capabilities' content='ocr_page ocr_carea ocr_par ocr_line ocrx_word'/>
</head>
<body>
  <div class='ocr_page' id='page_1' title='image "./degraecorumdiis00vissgoog_0255.png"; bbox 0 0 3442 5175; ppageno 0'>
   <div class='ocr_carea' id='block_1_1' title="bbox 778 439 845 507">
    <p class='ocr_par' dir='ltr' id='par_1_1' title="bbox 778 439 845 507">
     <span class='ocr_line' id='line_1_1' title="bbox 778 439 845 507; baseline 0 0"><span class='ocrx_word' id='word_1_1' title='bbox 778 439 845 507; x_wconf 74' lang='lat'>235</span> 
     </span>
    </p>
   </div>
   <div class='ocr_carea' id='block_1_2' title="bbox 232 637 1398 3609">
    <p class='ocr_par' dir='ltr' id='par_1_2' title="bbox 232 637 1396 1100">
     <span class='ocr_line' id='line_1_2' title="bbox 233 637 1393 723; baseline 0.001 -18"><span class='ocrx_word' id='word_1_2' title='bbox 233 639 337 706; x_wconf 87' lang='lat' dir='ltr'>fuisse</span> <span class='ocrx_word' id='word_1_3' title='bbox 368 637 546 723; x_wconf 77' lang='lat' dir='ltr'>Servius1)</span> <span class='ocrx_word' id='word_1_4' title='bbox 578 642 742 706; x_wconf 89' lang='lat' dir='ltr'>testatur:</span> <span class='ocrx_word' id='word_1_5' title='bbox 775 637 900 705; x_wconf 82' lang='lat' dir='ltr'>»Nulla</span> <span class='ocrx_word' id='word_1_6' title='bbox 926 637 1018 704; x_wconf 91' lang='lat' dir='ltr'>enim</span> <span class='ocrx_word' id='word_1_7' title='bbox 1050 638 1124 704; x_wconf 88' lang='lat' dir='ltr'>avis</span> <span class='ocrx_word' id='word_1_8' title='bbox 1154 643 1249 705; x_wconf 87' lang='lat' dir='ltr'>caret</span> <span class='ocrx_word' id='word_1_9' title='bbox 1272 658 1393 706; x_wconf 89' lang='lat' dir='ltr'>conse-</span> 
     </span>
     <span class='ocr_line' id='line_1_3' title="bbox 233 762 1396 851; baseline 0.001 -22"><span class='ocrx_word' id='word_1_10' title='bbox 233 762 404 842; x_wconf 88' lang='lat' dir='ltr'>cratione,</span> <span class='ocrx_word' id='word_1_11' title='bbox 427 763 510 851; x_wconf 86' lang='lat' dir='ltr'>quia</span> <span class='ocrx_word' id='word_1_12' title='bbox 532 762 688 850; x_wconf 76' lang='lat' dir='ltr'>singulae</span> <span class='ocrx_word' id='word_1_13' title='bbox 710 783 792 830; x_wconf 89' lang='lat' dir='ltr'>aves</span> <span class='ocrx_word' id='word_1_14' title='bbox 815 762 1018 830; x_wconf 85' lang='lat' dir='ltr'><strong>numinibus</strong></span> <span class='ocrx_word' id='word_1_15' title='bbox 1044 766 1126 830; x_wconf 93' lang='lat' dir='ltr'>sunt</span> <span class='ocrx_word' id='word_1_16' title='bbox 1145 764 1396 830; x_wconf 85' lang='lat' dir='ltr'>consecratae.&#39;’</span> 
     </span>
     <span class='ocr_line' id='line_1_4' title="bbox 234 884 1395 980; baseline 0.002 -27"><span class='ocrx_word' id='word_1_17' title='bbox 234 886 438 980; x_wconf 74' lang='lat' dir='ltr'>Auspicium</span> <span class='ocrx_word' id='word_1_18' title='bbox 461 884 633 975; x_wconf 81' lang='lat' dir='ltr'>iaciebant</span> <span class='ocrx_word' id='word_1_19' title='bbox 655 891 691 954; x_wconf 92' lang='lat' dir='ltr'>et</span> <span class='ocrx_word' id='word_1_20' title='bbox 710 886 953 975; x_wconf 80' lang='lat' dir='ltr'>quadrupedes</span> <span class='ocrx_word' id='word_1_21' title='bbox 973 893 1008 954; x_wconf 94' lang='lat' dir='ltr'>et</span> <span class='ocrx_word' id='word_1_22' title='bbox 1027 893 1204 976; x_wconf 81' lang='lat' dir='ltr'>serpentes</span> <span class='ocrx_word' id='word_1_23' title='bbox 1216 893 1251 954; x_wconf 90' lang='lat' dir='ltr'>et</span> <span class='ocrx_word' id='word_1_24' title='bbox 1263 907 1344 955; x_wconf 86' lang='lat' dir='ltr'>aves</span> <span class='ocrx_word' id='word_1_25' title='bbox 1357 887 1395 974; x_wconf 80' lang='grc'>2);</span> 
     </span>
     <span class='ocr_line' id='line_1_5' title="bbox 232 1011 1392 1100; baseline 0.002 -23"><span class='ocrx_word' id='word_1_26' title='bbox 232 1012 270 1077; x_wconf 92' lang='lat' dir='ltr'>in</span> <span class='ocrx_word' id='word_1_27' title='bbox 292 1011 415 1079; x_wconf 87' lang='lat' dir='ltr'>castris</span> <span class='ocrx_word' id='word_1_28' title='bbox 437 1011 592 1099; x_wconf 89' lang='lat' dir='ltr'>auspicia</span> <span class='ocrx_word' id='word_1_29' title='bbox 615 1032 633 1078; x_wconf 88' lang='lat' dir='ltr'>e</span> <span class='ocrx_word' id='word_1_30' title='bbox 657 1011 821 1100; x_wconf 79' lang='lat' dir='ltr'>tripudiis</span> <span class='ocrx_word' id='word_1_31' title='bbox 844 1032 950 1100; x_wconf 90' lang='lat' dir='ltr'>quam</span> <span class='ocrx_word' id='word_1_32' title='bbox 975 1012 1132 1079; x_wconf 80' lang='lat' dir='ltr'>maxime</span> <span class='ocrx_word' id='word_1_33' title='bbox 1157 1011 1328 1080; x_wconf 82' lang='lat' dir='ltr'>valebant.</span> <span class='ocrx_word' id='word_1_34' title='bbox 1390 1091 1392 1094; x_wconf 14' lang='lat'><strong>¹</strong></span> 
     </span>
    </p>

    <p class='ocr_par' dir='ltr' id='par_1_3' title="bbox 232 1136 1396 1476">
     <span class='ocr_line' id='line_1_6' title="bbox 278 1136 1396 1226; baseline 0.003 -24"><span class='ocrx_word' id='word_1_35' title='bbox 278 1136 427 1204; x_wconf 87' lang='lat' dir='ltr'>Anseres</span> <span class='ocrx_word' id='word_1_36' title='bbox 458 1137 546 1203; x_wconf 87' lang='lat' dir='ltr'>sacri</span> <span class='ocrx_word' id='word_1_37' title='bbox 577 1137 669 1204; x_wconf 90' lang='lat' dir='ltr'>circa</span> <span class='ocrx_word' id='word_1_38' title='bbox 691 1137 843 1215; x_wconf 77' lang='lat' dir='ltr'>Iunonis.</span> <span class='ocrx_word' id='word_1_39' title='bbox 856 1137 1027 1226; x_wconf 89' lang='lat' dir='ltr'>templum</span> <span class='ocrx_word' id='word_1_40' title='bbox 1050 1137 1088 1203; x_wconf 90' lang='lat' dir='ltr'>in</span> <span class='ocrx_word' id='word_1_41' title='bbox 1112 1136 1280 1226; x_wconf 84' lang='lat' dir='ltr'>Capitolio</span> <span class='ocrx_word' id='word_1_42' title='bbox 1293 1138 1337 1223; x_wconf 79' lang='lat'>³),</span> <span class='ocrx_word' id='word_1_43' title='bbox 1361 1143 1396 1205; x_wconf 91' lang='lat' dir='ltr'>et</span> 
     </span>
     <span class='ocr_line' id='line_1_7' title="bbox 232 1259 1396 1350; baseline -0.002 -21"><span class='ocrx_word' id='word_1_44' title='bbox 232 1263 269 1329; x_wconf 92' lang='lat' dir='ltr'>in</span> <span class='ocrx_word' id='word_1_45' title='bbox 287 1262 376 1330; x_wconf 70' lang='lat' dir='ltr'>‘aliis</span> <span class='ocrx_word' id='word_1_46' title='bbox 407 1281 545 1350; x_wconf 90' lang='lat' dir='ltr'>quoque</span> <span class='ocrx_word' id='word_1_47' title='bbox 574 1261 664 1328; x_wconf 88' lang='lat' dir='ltr'>fanis</span> <span class='ocrx_word' id='word_1_48' title='bbox 695 1261 941 1329; x_wconf 89' lang='lat' dir='ltr'>nutriebantur</span> <span class='ocrx_word' id='word_1_49' title='bbox 954 1261 992 1345; x_wconf 76' lang='lat'>4).</span> <span class='ocrx_word' id='word_1_50' title='bbox 1025 1259 1209 1348; x_wconf 82' lang='lat' dir='ltr'>Serpentes</span> <span class='ocrx_word' id='word_1_51' title='bbox 1242 1260 1396 1330; x_wconf 90' lang='lat' dir='ltr'>locorum</span> 
     </span>
     <span class='ocr_line' id='line_1_8' title="bbox 233 1385 1001 1476; baseline -0.004 -22"><span class='ocrx_word' id='word_1_52' title='bbox 233 1387 351 1476; x_wconf 79' lang='lat' dir='ltr'>genios</span> <span class='ocrx_word' id='word_1_53' title='bbox 374 1386 512 1454; x_wconf 90' lang='lat' dir='ltr'>habitos</span> <span class='ocrx_word' id='word_1_54' title='bbox 535 1406 608 1454; x_wconf 89' lang='lat' dir='ltr'>esse</span> <span class='ocrx_word' id='word_1_55' title='bbox 633 1386 772 1453; x_wconf 88' lang='lat' dir='ltr'>Persius</span> <span class='ocrx_word' id='word_1_56' title='bbox 785 1385 811 1470; x_wconf 80' lang='lat'>⁵)</span> <span class='ocrx_word' id='word_1_57' title='bbox 833 1389 1001 1452; x_wconf 85' lang='lat' dir='ltr'>testatur:</span> 
     </span>
    </p>

    <p class='ocr_par' dir='ltr' id='par_1_4' title="bbox 300 1509 1309 1599">
     <span class='ocr_line' id='line_1_9' title="bbox 300 1509 1309 1599; baseline -0.003 -21"><span class='ocrx_word' id='word_1_58' title='bbox 300 1510 430 1599; x_wconf 79' lang='lat' dir='ltr'>»Pinge</span> <span class='ocrx_word' id='word_1_59' title='bbox 454 1511 541 1577; x_wconf 88' lang='lat' dir='ltr'>duos</span> <span class='ocrx_word' id='word_1_60' title='bbox 565 1530 713 1598; x_wconf 79' lang='lat' dir='ltr'>angues:</span> <span class='ocrx_word' id='word_1_61' title='bbox 737 1510 854 1599; x_wconf 89' lang='lat' dir='ltr'>pueri,</span> <span class='ocrx_word' id='word_1_62' title='bbox 878 1530 975 1577; x_wconf 89' lang='lat' dir='ltr'>sacer</span> <span class='ocrx_word' id='word_1_63' title='bbox 998 1514 1050 1578; x_wconf 90' lang='lat' dir='ltr'>est</span> <span class='ocrx_word' id='word_1_64' title='bbox 1072 1509 1185 1594; x_wconf 77' lang='lat' dir='ltr'>locuS,</span> <span class='ocrx_word' id='word_1_65' title='bbox 1210 1515 1309 1576; x_wconf 85' lang='lat' dir='ltr'>extra</span> 
     </span>
    </p>

    <p class='ocr_par' dir='ltr' id='par_1_5' title="bbox 301 1634 653 1719">
     <span class='ocr_line' id='line_1_10' title="bbox 301 1634 653 1719; baseline 0 -17"><span class='ocrx_word' id='word_1_66' title='bbox 301 1635 458 1719; x_wconf 77' lang='lat' dir='ltr'>»Meiite3</span> <span class='ocrx_word' id='word_1_67' title='bbox 482 1634 653 1703; x_wconf 85' lang='lat' dir='ltr'>disced0.&#39;’</span> 
     </span>
    </p>

    <p class='ocr_par' dir='ltr' id='par_1_6' title="bbox 233 1757 1397 2346">
     <span class='ocr_line' id='line_1_11' title="bbox 278 1757 1397 1849; baseline 0 -23"><span class='ocrx_word' id='word_1_68' title='bbox 278 1760 295 1849; x_wconf 65' lang='lat'>5</span> <span class='ocrx_word' id='word_1_69' title='bbox 318 1757 371 1828; x_wconf 89' lang='grc'>35.</span> <span class='ocrx_word' id='word_1_70' title='bbox 393 1759 522 1828; x_wconf 87' lang='lat' dir='ltr'>Omnes</span> <span class='ocrx_word' id='word_1_71' title='bbox 541 1759 648 1848; x_wconf 84' lang='lat' dir='ltr'>igitur</span> <span class='ocrx_word' id='word_1_72' title='bbox 660 1758 777 1847; x_wconf 92' lang='lat' dir='ltr'>populi</span> <span class='ocrx_word' id='word_1_73' title='bbox 790 1758 1063 1828; x_wconf 87' lang='lat' dir='ltr'>Indo-Germani</span> <span class='ocrx_word' id='word_1_74' title='bbox 1075 1760 1238 1828; x_wconf 87' lang='lat' dir='ltr'>animalia</span> <span class='ocrx_word' id='word_1_75' title='bbox 1250 1766 1285 1827; x_wconf 92' lang='lat' dir='ltr'>et</span> <span class='ocrx_word' id='word_1_76' title='bbox 1296 1759 1397 1849; x_wconf 89' lang='lat' dir='ltr'>plan-</span> 
     </span>
     <span class='ocr_line' id='line_1_12' title="bbox 234 1883 1395 1972; baseline 0 -21"><span class='ocrx_word' id='word_1_77' title='bbox 234 1889 287 1951; x_wconf 90' lang='lat' dir='ltr'>tas</span> <span class='ocrx_word' id='word_1_78' title='bbox 317 1884 568 1967; x_wconf 78' lang='lat' dir='ltr'>adoraverunt3</span> <span class='ocrx_word' id='word_1_79' title='bbox 600 1903 706 1972; x_wconf 87' lang='lat' dir='ltr'>quam</span> <span class='ocrx_word' id='word_1_80' title='bbox 729 1883 772 1952; x_wconf 94' lang='lat' dir='ltr'>ob</span> <span class='ocrx_word' id='word_1_81' title='bbox 797 1904 938 1952; x_wconf 89' lang='lat' dir='ltr'>causam</span> <span class='ocrx_word' id='word_1_82' title='bbox 963 1884 1049 1951; x_wconf 92' lang='lat' dir='ltr'>mihi</span> <span class='ocrx_word' id='word_1_83' title='bbox 1074 1905 1142 1951; x_wconf 88' lang='lat' dir='ltr'>non</span> <span class='ocrx_word' id='word_1_84' title='bbox 1166 1884 1395 1952; x_wconf 88' lang='lat' dir='ltr'>dubitandum</span> 
     </span>
     <span class='ocr_line' id='line_1_13' title="bbox 234 2009 1395 2098; baseline 0 -22"><span class='ocrx_word' id='word_1_85' title='bbox 234 2009 389 2094; x_wconf 86' lang='lat' dir='ltr'>ridetur,</span> <span class='ocrx_word' id='word_1_86' title='bbox 413 2011 499 2098; x_wconf 90' lang='lat' dir='ltr'>quin</span> <span class='ocrx_word' id='word_1_87' title='bbox 521 2009 624 2076; x_wconf 91' lang='lat' dir='ltr'>hasce</span> <span class='ocrx_word' id='word_1_88' title='bbox 647 2010 909 2098; x_wconf 86' lang='lat' dir='ltr'>superstitiones</span> <span class='ocrx_word' id='word_1_89' title='bbox 933 2010 1141 2078; x_wconf 84' lang='lat' dir='ltr'>ceommuni</span> <span class='ocrx_word' id='word_1_90' title='bbox 1153 2011 1266 2098; x_wconf 88' lang='lat' dir='ltr'>patria</span> <span class='ocrx_word' id='word_1_91' title='bbox 1278 2031 1395 2078; x_wconf 90' lang='lat' dir='ltr'>secum</span> 
     </span>
     <span class='ocr_line' id='line_1_14' title="bbox 233 2132 1397 2223; baseline 0.002 -23"><span class='ocrx_word' id='word_1_92' title='bbox 233 2133 379 2201; x_wconf 90' lang='lat' dir='ltr'>tulerint</span> <span class='ocrx_word' id='word_1_93' title='bbox 391 2132 437 2222; x_wconf 82' lang='lat'>⁶),</span> <span class='ocrx_word' id='word_1_94' title='bbox 461 2154 575 2222; x_wconf 89' lang='lat' dir='ltr'>neque</span> <span class='ocrx_word' id='word_1_95' title='bbox 597 2133 639 2200; x_wconf 91' lang='lat' dir='ltr'>iis</span> <span class='ocrx_word' id='word_1_96' title='bbox 663 2134 849 2215; x_wconf 89' lang='lat' dir='ltr'>assentior,</span> <span class='ocrx_word' id='word_1_97' title='bbox 875 2134 936 2222; x_wconf 88' lang='lat' dir='ltr'>qui</span> <span class='ocrx_word' id='word_1_98' title='bbox 959 2134 1107 2201; x_wconf 89' lang='lat' dir='ltr'>Graecos</span> <span class='ocrx_word' id='word_1_99' title='bbox 1130 2153 1188 2201; x_wconf 88' lang='lat' dir='ltr'>eas</span> <span class='ocrx_word' id='word_1_100' title='bbox 1211 2155 1231 2200; x_wconf 90' lang='lat' dir='ltr'>a</span> <span class='ocrx_word' id='word_1_101' title='bbox 1250 2134 1397 2223; x_wconf 88' lang='lat' dir='ltr'>populis,</span> 
     </span>
     <span class='ocr_line' id='line_1_15' title="bbox 234 2257 1368 2346; baseline 0.001 -23"><span class='ocrx_word' id='word_1_102' title='bbox 234 2257 295 2346; x_wconf 90' lang='lat' dir='ltr'>qui</span> <span class='ocrx_word' id='word_1_103' title='bbox 318 2263 399 2325; x_wconf 89' lang='lat' dir='ltr'>ante</span> <span class='ocrx_word' id='word_1_104' title='bbox 423 2277 481 2325; x_wconf 93' lang='lat' dir='ltr'>eos</span> <span class='ocrx_word' id='word_1_105' title='bbox 503 2258 540 2324; x_wconf 94' lang='lat' dir='ltr'>in</span> <span class='ocrx_word' id='word_1_106' title='bbox 564 2257 709 2326; x_wconf 78' lang='lat' dir='ltr'>Graecia</span> <span class='ocrx_word' id='word_1_107' title='bbox 731 2258 949 2339; x_wconf 86' lang='lat' dir='ltr'>habitarent,</span> <span class='ocrx_word' id='word_1_108' title='bbox 973 2259 1134 2327; x_wconf 84' lang='lat' dir='ltr'>ascivisse</span> <span class='ocrx_word' id='word_1_109' title='bbox 1157 2260 1368 2327; x_wconf 82' lang='lat' dir='ltr'>existimant.</span> 
     </span>
    </p>

    <p class='ocr_par' dir='ltr' id='par_1_7' title="bbox 233 2379 1398 3609">
     <span class='ocr_line' id='line_1_16' title="bbox 278 2379 1396 2471; baseline 0.003 -23"><span class='ocrx_word' id='word_1_110' title='bbox 278 2381 295 2470; x_wconf 66' lang='grc' dir='ltr'>ξ</span> <span class='ocrx_word' id='word_1_111' title='bbox 318 2379 372 2448; x_wconf 81' lang='grc'>36.</span> <span class='ocrx_word' id='word_1_112' title='bbox 398 2382 519 2470; x_wconf 86' lang='lat' dir='ltr'>Neque</span> <span class='ocrx_word' id='word_1_113' title='bbox 542 2382 642 2449; x_wconf 90' lang='lat' dir='ltr'>aliter</span> <span class='ocrx_word' id='word_1_114' title='bbox 665 2382 707 2449; x_wconf 91' lang='lat' dir='ltr'>de</span> <span class='ocrx_word' id='word_1_115' title='bbox 729 2382 886 2471; x_wconf 90' lang='lat' dir='ltr'>lapidum</span> <span class='ocrx_word' id='word_1_116' title='bbox 909 2383 1006 2451; x_wconf 89' lang='lat' dir='ltr'>cultu</span> <span class='ocrx_word' id='word_1_117' title='bbox 1026 2383 1252 2452; x_wconf 88' lang='lat' dir='ltr'>iudicandum</span> <span class='ocrx_word' id='word_1_118' title='bbox 1264 2404 1396 2452; x_wconf 84' lang='lat' dir='ltr'>censeo</span> 
     </span>
     <span class='ocr_line' id='line_1_17' title="bbox 235 2507 1396 2599; baseline 0 -24"><span class='ocrx_word' id='word_1_119' title='bbox 235 2507 324 2575; x_wconf 84' lang='lat' dir='ltr'>Sunt</span> <span class='ocrx_word' id='word_1_120' title='bbox 354 2508 416 2597; x_wconf 89' lang='lat' dir='ltr'>qui·</span> <span class='ocrx_word' id='word_1_121' title='bbox 445 2507 666 2599; x_wconf 88' lang='lat' dir='ltr'>perhibeant,</span> <span class='ocrx_word' id='word_1_122' title='bbox 691 2509 840 2577; x_wconf 84' lang='lat' dir='ltr'>Graecos</span> <span class='ocrx_word' id='word_1_123' title='bbox 864 2530 944 2577; x_wconf 90' lang='lat' dir='ltr'>eum</span> <span class='ocrx_word' id='word_1_124' title='bbox 968 2531 988 2576; x_wconf 92' lang='lat' dir='ltr'>a</span> <span class='ocrx_word' id='word_1_125' title='bbox 1012 2508 1168 2596; x_wconf 70' lang='lat' dir='ltr'>Samnis,</span> <span class='ocrx_word' id='word_1_126' title='bbox 1192 2510 1396 2598; x_wconf 89' lang='lat' dir='ltr'>praesertim</span> 
     </span>
     <span class='ocr_line' id='line_1_18' title="bbox 234 2626 1396 2724; baseline 0.001 -24"><span class='ocrx_word' id='word_1_127' title='bbox 234 2655 255 2700; x_wconf 92' lang='lat' dir='ltr'>a</span> <span class='ocrx_word' id='word_1_128' title='bbox 289 2633 537 2716; x_wconf 83' lang='lat' dir='ltr'>Phoenicibus,</span> <span class='ocrx_word' id='word_1_129' title='bbox 574 2640 751 2706; x_wconf 90' lang='lat' dir='ltr'>mutuatos</span> <span class='ocrx_word' id='word_1_130' title='bbox 785 2634 907 2722; x_wconf 70' lang='lat' dir='ltr'>esse7).</span> <span class='ocrx_word' id='word_1_131' title='bbox 947 2626 1049 2723; x_wconf 88' lang='lat' dir='ltr'>Apud</span> <span class='ocrx_word' id='word_1_132' title='bbox 1085 2633 1233 2702; x_wconf 85' lang='lat' dir='ltr'>Semitas</span> <span class='ocrx_word' id='word_1_133' title='bbox 1256 2635 1396 2724; x_wconf 93' lang='lat' dir='ltr'>quidem</span> 
     </span>
     <span class='ocr_line' id='line_1_19' title="bbox 234 2757 1398 2848; baseline 0.002 -24"><span class='ocrx_word' id='word_1_134' title='bbox 234 2757 324 2825; x_wconf 89' lang='lat' dir='ltr'>hanc</span> <span class='ocrx_word' id='word_1_135' title='bbox 354 2759 636 2847; x_wconf 87' lang='lat' dir='ltr'>superstitionem</span> <span class='ocrx_word' id='word_1_136' title='bbox 667 2781 772 2848; x_wconf 90' lang='lat' dir='ltr'>quam</span> <span class='ocrx_word' id='word_1_137' title='bbox 797 2760 947 2826; x_wconf 85' lang='lat' dir='ltr'>maxime</span> <span class='ocrx_word' id='word_1_138' title='bbox 973 2759 1120 2846; x_wconf 81' lang='lat' dir='ltr'>viguisse</span> <span class='ocrx_word' id='word_1_139' title='bbox 1144 2778 1246 2826; x_wconf 91' lang='lat' dir='ltr'>nemo</span> <span class='ocrx_word' id='word_1_140' title='bbox 1269 2758 1398 2827; x_wconf 83' lang='lat' dir='ltr'>infitias</span> 
     </span>
     <span class='ocr_line' id='line_1_20' title="bbox 233 2883 1396 2974; baseline 0.001 -24"><span class='ocrx_word' id='word_1_141' title='bbox 233 2883 354 2965; x_wconf 90' lang='lat' dir='ltr'>iverit,</span> <span class='ocrx_word' id='word_1_142' title='bbox 383 2884 581 2973; x_wconf 86' lang='lat' dir='ltr'>optimeque</span> <span class='ocrx_word' id='word_1_143' title='bbox 605 2884 679 2953; x_wconf 86' lang='lat' dir='ltr'>heri</span> <span class='ocrx_word' id='word_1_144' title='bbox 703 2885 833 2974; x_wconf 88' lang='lat' dir='ltr'>potuit,</span> <span class='ocrx_word' id='word_1_145' title='bbox 857 2889 898 2953; x_wconf 91' lang='lat' dir='ltr'>ut</span> <span class='ocrx_word' id='word_1_146' title='bbox 922 2883 1110 2951; x_wconf 88' lang='lat' dir='ltr'>Phoenices</span> <span class='ocrx_word' id='word_1_147' title='bbox 1133 2904 1396 2974; x_wconf 91' lang='lat' dir='ltr'>nonnumquam</span> 
     </span>
     <span class='ocr_line' id='line_1_21' title="bbox 234 3008 1397 3098; baseline 0.002 -23"><span class='ocrx_word' id='word_1_148' title='bbox 234 3009 271 3075; x_wconf 90' lang='lat' dir='ltr'>in</span> <span class='ocrx_word' id='word_1_149' title='bbox 295 3008 440 3076; x_wconf 88' lang='lat' dir='ltr'>Graecia</span> <span class='ocrx_word' id='word_1_150' title='bbox 462 3009 789 3093; x_wconf 78' lang='lat' dir='ltr'>eiusmodicultum</span> <span class='ocrx_word' id='word_1_151' title='bbox 812 3010 1057 3093; x_wconf 89' lang='lat' dir='ltr'>instituerent,</span> <span class='ocrx_word' id='word_1_152' title='bbox 1078 3008 1139 3076; x_wconf 89' lang='lat' dir='ltr'>sed</span> <span class='ocrx_word' id='word_1_153' title='bbox 1160 3009 1197 3076; x_wconf 93' lang='lat' dir='ltr'>id</span> <span class='ocrx_word' id='word_1_154' title='bbox 1220 3015 1397 3098; x_wconf 85' lang='lat' dir='ltr'>procerte</span> 
     </span>
     <span class='ocr_line' id='line_1_22' title="bbox 236 3134 1398 3224; baseline 0.002 -24"><span class='ocrx_word' id='word_1_155' title='bbox 236 3134 322 3201; x_wconf 89' lang='lat' dir='ltr'>mihi</span> <span class='ocrx_word' id='word_1_156' title='bbox 352 3134 578 3203; x_wconf 88' lang='lat' dir='ltr'>statuendum</span> <span class='ocrx_word' id='word_1_157' title='bbox 609 3134 764 3221; x_wconf 88' lang='lat' dir='ltr'>videtur,</span> <span class='ocrx_word' id='word_1_158' title='bbox 788 3134 938 3202; x_wconf 88' lang='lat' dir='ltr'>Graecos</span> <span class='ocrx_word' id='word_1_159' title='bbox 961 3134 1091 3223; x_wconf 89' lang='lat' dir='ltr'>priscos</span> <span class='ocrx_word' id='word_1_160' title='bbox 1113 3134 1184 3200; x_wconf 90' lang='lat' dir='ltr'>iarn</span> <span class='ocrx_word' id='word_1_161' title='bbox 1208 3140 1398 3224; x_wconf 86' lang='lat' dir='ltr'>antequam</span> 
     </span>
     <span class='ocr_line' id='line_1_23' title="bbox 234 3258 1398 3347; baseline 0.003 -23"><span class='ocrx_word' id='word_1_162' title='bbox 234 3259 271 3325; x_wconf 91' lang='lat' dir='ltr'>in</span> <span class='ocrx_word' id='word_1_163' title='bbox 302 3258 447 3327; x_wconf 86' lang='lat' dir='ltr'>Graecia</span> <span class='ocrx_word' id='word_1_164' title='bbox 477 3258 682 3327; x_wconf 91' lang='lat' dir='ltr'>advenirent</span> <span class='ocrx_word' id='word_1_165' title='bbox 712 3280 794 3327; x_wconf 82' lang='lat' dir='ltr'>saxa</span> <span class='ocrx_word' id='word_1_166' title='bbox 818 3259 920 3327; x_wconf 87' lang='lat' dir='ltr'>rudia</span> <span class='ocrx_word' id='word_1_167' title='bbox 942 3259 1111 3327; x_wconf 85' lang='lat' dir='ltr'>adorasse.</span> <span class='ocrx_word' id='word_1_168' title='bbox 1137 3258 1240 3347; x_wconf 78' lang='lat' dir='ltr'>Apud</span> <span class='ocrx_word' id='word_1_169' title='bbox 1266 3265 1398 3327; x_wconf 91' lang='lat' dir='ltr'>ceteros</span> 
     </span>
     <span class='ocr_line' id='line_1_24' title="bbox 235 3382 1398 3472; baseline 0.003 -23"><span class='ocrx_word' id='word_1_170' title='bbox 235 3383 329 3450; x_wconf 90' lang='lat' dir='ltr'>enim</span> <span class='ocrx_word' id='word_1_171' title='bbox 353 3382 662 3465; x_wconf 87' lang='lat' dir='ltr'>Indo-Germanos,</span> <span class='ocrx_word' id='word_1_172' title='bbox 686 3389 825 3472; x_wconf 89' lang='lat' dir='ltr'>praeter</span> <span class='ocrx_word' id='word_1_173' title='bbox 845 3384 985 3465; x_wconf 90' lang='lat' dir='ltr'>Persas,</span> <span class='ocrx_word' id='word_1_174' title='bbox 1009 3384 1165 3452; x_wconf 88' lang='lat' dir='ltr'>eiusdem</span> <span class='ocrx_word' id='word_1_175' title='bbox 1185 3385 1299 3452; x_wconf 89' lang='lat' dir='ltr'>cultus</span> <span class='ocrx_word' id='word_1_176' title='bbox 1320 3404 1398 3452; x_wconf 90' lang='lat' dir='ltr'>ves-</span> 
     </span>
     <span class='ocr_line' id='line_1_25' title="bbox 234 3508 576 3609; baseline 0.006 -36"><span class='ocrx_word' id='word_1_177' title='bbox 234 3508 320 3609; x_wconf 83' lang='lat' dir='ltr'>tigia</span> <span class='ocrx_word' id='word_1_178' title='bbox 343 3509 576 3596; x_wconf 88' lang='lat' dir='ltr'>reperiuntur.</span> 
     </span>
    </p>
   </div>
   <div class='ocr_carea' id='block_1_3' title="bbox 236 3744 447 3753">
    <p class='ocr_par' dir='ltr' id='par_1_8' title="bbox 236 3744 447 3753">
     <span class='ocr_line' id='line_1_26' title="bbox 236 3744 447 3753; baseline 0.005 -2"><span class='ocrx_word' id='word_1_179' title='bbox 236 3744 447 3753; x_wconf 71' lang='lat'>---——-</span> 
     </span>
    </p>
   </div>
   <div class='ocr_carea' id='block_1_4' title="bbox 272 3885 1400 4402">
    <p class='ocr_par' dir='ltr' id='par_1_9' title="bbox 274 3885 602 3950">
     <span class='ocr_line' id='line_1_27' title="bbox 274 3885 602 3950; baseline 0.012 -14"><span class='ocrx_word' id='word_1_180' title='bbox 274 3886 293 3950; x_wconf 80' lang='lat'>¹)</span> <span class='ocrx_word' id='word_1_181' title='bbox 313 3885 389 3937; x_wconf 82' lang='lat' dir='ltr'>Serv.</span> <span class='ocrx_word' id='word_1_182' title='bbox 409 3886 477 3940; x_wconf 84' lang='lat' dir='ltr'>Aen.</span> <span class='ocrx_word' id='word_1_183' title='bbox 497 3887 523 3939; x_wconf 87' lang='lat' dir='ltr'>V</span> <span class='ocrx_word' id='word_1_184' title='bbox 542 3890 602 3940; x_wconf 81' lang='grc'><strong>517.</strong></span> 
     </span>
    </p>

    <p class='ocr_par' dir='ltr' id='par_1_10' title="bbox 273 3974 1209 4046">
     <span class='ocr_line' id='line_1_28' title="bbox 273 3974 1209 4046; baseline 0.004 -21"><span class='ocrx_word' id='word_1_185' title='bbox 273 3974 293 4040; x_wconf 73' lang='grc'>2)</span> <span class='ocrx_word' id='word_1_186' title='bbox 311 3975 390 4026; x_wconf 83' lang='lat' dir='ltr'>Paul.</span> <span class='ocrx_word' id='word_1_187' title='bbox 410 3993 435 4043; x_wconf 93' lang='lat' dir='ltr'>p.</span> <span class='ocrx_word' id='word_1_188' title='bbox 455 3978 514 4040; x_wconf 80' lang='lat'>260,</span> <span class='ocrx_word' id='word_1_189' title='bbox 533 3994 559 4044; x_wconf 93' lang='lat' dir='ltr'>p.</span> <span class='ocrx_word' id='word_1_190' title='bbox 579 3979 639 4042; x_wconf 75' lang='lat'>244,</span> <span class='ocrx_word' id='word_1_191' title='bbox 657 3978 693 4030; x_wconf 82' lang='lat' dir='ltr'>of.</span> <span class='ocrx_word' id='word_1_192' title='bbox 713 3977 938 4031; x_wconf 66' lang='lat' dir='ltr'>Prelio-Jordan</span> <span class='ocrx_word' id='word_1_193' title='bbox 957 3978 990 4033; x_wconf 85' lang='lat' dir='ltr'>R.</span> <span class='ocrx_word' id='word_1_194' title='bbox 1010 3978 1046 4032; x_wconf 84' lang='lat' dir='ltr'>M.</span> <span class='ocrx_word' id='word_1_195' title='bbox 1067 3979 1081 4030; x_wconf 95' lang='grc' dir='ltr'>Ι</span> <span class='ocrx_word' id='word_1_196' title='bbox 1102 3981 1151 4030; x_wconf 87' lang='grc'>116</span> <span class='ocrx_word' id='word_1_197' title='bbox 1171 3995 1209 4046; x_wconf 82' lang='lat' dir='ltr'>sq.</span> 
     </span>
    </p>

    <p class='ocr_par' dir='ltr' id='par_1_11' title="bbox 272 4056 1081 4131">
     <span class='ocr_line' id='line_1_29' title="bbox 272 4056 1081 4131; baseline 0.006 -17"><span class='ocrx_word' id='word_1_198' title='bbox 272 4064 293 4131; x_wconf 80' lang='lat'>³)</span> <span class='ocrx_word' id='word_1_199' title='bbox 312 4064 386 4116; x_wconf 90' lang='lat' dir='ltr'>Plut.</span> <span class='ocrx_word' id='word_1_200' title='bbox 406 4065 439 4116; x_wconf 92' lang='lat' dir='ltr'>de</span> <span class='ocrx_word' id='word_1_201' title='bbox 459 4065 532 4116; x_wconf 87' lang='lat' dir='ltr'>Fert.</span> <span class='ocrx_word' id='word_1_202' title='bbox 551 4066 629 4117; x_wconf 88' lang='lat' dir='ltr'>Rom.</span> <span class='ocrx_word' id='word_1_203' title='bbox 650 4069 691 4118; x_wconf 80' lang='lat'>12.</span> <span class='ocrx_word' id='word_1_204' title='bbox 990 4056 993 4060; x_wconf 39' lang='lat'><strong>⁴</strong></span> <span class='ocrx_word' id='word_1_205' title='bbox 1079 4057 1081 4061; x_wconf 52' lang='grc'>’</span> 
     </span>
    </p>

    <p class='ocr_par' dir='ltr' id='par_1_12' title="bbox 272 4153 814 4222">
     <span class='ocr_line' id='line_1_30' title="bbox 272 4153 814 4222; baseline 0.006 -18"><span class='ocrx_word' id='word_1_206' title='bbox 272 4153 294 4219; x_wconf 84' lang='lat'>⁴)</span> <span class='ocrx_word' id='word_1_207' title='bbox 314 4154 426 4206; x_wconf 82' lang='lat' dir='ltr'>Patron.</span> <span class='ocrx_word' id='word_1_208' title='bbox 446 4153 535 4222; x_wconf 83' lang='lat' dir='ltr'>Satyr.</span> <span class='ocrx_word' id='word_1_209' title='bbox 557 4158 623 4221; x_wconf 81' lang='lat'><strong>1363</strong></span> <span class='ocrx_word' id='word_1_210' title='bbox 642 4155 752 4216; x_wconf 82' lang='lat' dir='ltr'>Querol.</span> <span class='ocrx_word' id='word_1_211' title='bbox 773 4158 814 4207; x_wconf 81' lang='lat'>27.</span> 
     </span>
    </p>

    <p class='ocr_par' dir='ltr' id='par_1_13' title="bbox 272 4243 500 4308">
     <span class='ocr_line' id='line_1_31' title="bbox 272 4243 500 4308; baseline 0.004 -14"><span class='ocrx_word' id='word_1_212' title='bbox 272 4243 294 4308; x_wconf 73' lang='lat'>⁶)</span> <span class='ocrx_word' id='word_1_213' title='bbox 312 4243 387 4295; x_wconf 88' lang='lat' dir='ltr'>Pers.</span> <span class='ocrx_word' id='word_1_214' title='bbox 407 4243 421 4295; x_wconf 97' lang='lat' dir='ltr'>I</span> <span class='ocrx_word' id='word_1_215' title='bbox 441 4246 500 4295; x_wconf 90' lang='lat'>113.</span> 
     </span>
    </p>

    <p class='ocr_par' dir='ltr' id='par_1_14' title="bbox 272 4332 1400 4402">
     <span class='ocr_line' id='line_1_32' title="bbox 272 4332 1400 4402; baseline 0.004 -18"><span class='ocrx_word' id='word_1_216' title='bbox 272 4332 294 4398; x_wconf 75' lang='lat'>⁰)</span> <span class='ocrx_word' id='word_1_217' title='bbox 313 4333 429 4385; x_wconf 83' lang='lat' dir='ltr'>Accedit</span> <span class='ocrx_word' id='word_1_218' title='bbox 445 4333 517 4397; x_wconf 90' lang='lat' dir='ltr'>quod</span> <span class='ocrx_word' id='word_1_219' title='bbox 536 4349 629 4386; x_wconf 86' lang='lat' dir='ltr'>omues</span> <span class='ocrx_word' id='word_1_220' title='bbox 648 4334 773 4386; x_wconf 89' lang='lat' dir='ltr'>homines</span> <span class='ocrx_word' id='word_1_221' title='bbox 790 4334 910 4387; x_wconf 88' lang='lat' dir='ltr'>incultos</span> <span class='ocrx_word' id='word_1_222' title='bbox 929 4335 1062 4386; x_wconf 82' lang='lat' dir='ltr'>eiusmodi</span> <span class='ocrx_word' id='word_1_223' title='bbox 1079 4334 1289 4402; x_wconf 86' lang='lat' dir='ltr'>superstitiones</span> <span class='ocrx_word' id='word_1_224' title='bbox 1299 4336 1400 4389; x_wconf 86' lang='lat' dir='ltr'>habere</span> 
     </span>
    </p>
   </div>
   <div class='ocr_carea' id='block_1_5' title="bbox 238 4422 1036 4582">
    <p class='ocr_par' dir='ltr' id='par_1_15' title="bbox 238 4422 1036 4582">
     <span class='ocr_line' id='line_1_33' title="bbox 238 4422 1036 4490; baseline 0.005 -18"><span class='ocrx_word' id='word_1_225' title='bbox 238 4437 393 4473; x_wconf 86' lang='lat' dir='ltr'>communes</span> <span class='ocrx_word' id='word_1_226' title='bbox 414 4422 677 4490; x_wconf 86' lang='lat' dir='ltr'>anthropologorum</span> <span class='ocrx_word' id='word_1_227' title='bbox 697 4423 789 4475; x_wconf 86' lang='lat' dir='ltr'>studia</span> <span class='ocrx_word' id='word_1_228' title='bbox 808 4440 857 4476; x_wconf 91' lang='lat' dir='ltr'>nos</span> <span class='ocrx_word' id='word_1_229' title='bbox 875 4424 1036 4476; x_wconf 87' lang='lat' dir='ltr'>docuerunt.</span> 
     </span>
     <span class='ocr_line' id='line_1_34' title="bbox 274 4510 808 4582; baseline 0.006 -20"><span class='ocrx_word' id='word_1_230' title='bbox 274 4510 294 4578; x_wconf 86' lang='lat'>⁷)</span> <span class='ocrx_word' id='word_1_231' title='bbox 314 4510 464 4579; x_wconf 84' lang='lat' dir='ltr'>Orerbeok,</span> <span class='ocrx_word' id='word_1_232' title='bbox 483 4511 678 4580; x_wconf 86' lang='lat' dir='ltr'>Kultusobjeot</span> <span class='ocrx_word' id='word_1_233' title='bbox 698 4516 747 4564; x_wconf 79' lang='lat'>146</span> <span class='ocrx_word' id='word_1_234' title='bbox 767 4530 808 4582; x_wconf 86' lang='lat' dir='ltr'>sq.</span> 
     </span>
    </p>
   </div>
   <div class='ocr_carea' id='block_1_6' title="bbox 0 0 1730 5175">
    <p class='ocr_par' dir='ltr' id='par_1_16' title="bbox 0 0 1730 5175">
     <span class='ocr_line' id='line_1_35' title="bbox 0 0 1730 5175; baseline 0 0"><span class='ocrx_word' id='word_1_235' title='bbox 0 0 1730 5175; x_wconf 95' lang='lat' dir='ltr'> </span> 
     </span>
    </p>
   </div>
  </div>
 </body>
</html>
