3442 5175
813 437 858 504 23

249 654 355 723 quam
381 634 418 700 in
442 633 647 702 animalium
671 639 706 702 et
729 634 895 703 arborum
918 636 1159 719 veneratione,
1183 654 1226 703 ex
1248 636 1422 725 interpre-

249 760 422 827 tationum
446 759 616 827 varietate
639 758 732 827 clare
756 763 911 848 apparet.
936 760 1058 848 Neque
1082 759 1230 844 mirum,
1253 780 1336 827 nam
1359 781 1423 849 per

247 879 361 952 ¹totum
381 883 502 951 orbem
514 888 693 951 terrarum
705 883 838 972 lapides
850 884 1062 952 sacrosancti
1075 883 1286 963 adorantur,
1307 904 1422 973 neque

250 1009 379 1098 ubique
413 1008 606 1076 uniformes
639 1013 738 1085 sunt,
774 1006 835 1075 sed
870 1028 993 1096 rupeS,
1024 1028 1107 1076 saxa
1140 1007 1259 1090 rudia,
1289 1007 1421 1095 lapides

250 1130 494 1221 quoquomodo
520 1130 686 1219 insculpti
708 1135 770 1198 aut
793 1130 941 1218 depicti,
966 1130 1061 1210 coni,
1085 1130 1243 1215 obelisci,
1267 1130 1422 1218 pyrami-

250 1256 326 1341 des,
346 1256 479 1344 lapides
499 1256 606 1323 erecti
618 1260 679 1323 aut
692 1255 862 1332 iacentes,
884 1255 1003 1343 magni
1015 1260 1077 1323 ant
1089 1255 1206 1344 parvi,
1226 1254 1422 1343 complures

248 1402 317 1450 uno
341 1381 416 1449 loco
440 1380 598 1448 collocati
621 1385 682 1448 aut
705 1381 860 1468 congesti
885 1385 946 1448 aut
966 1379 1094 1468 singuli
1115 1379 1289 1448 coluntur.
1312 1379 1420 1468 Stipi-

248 1510 323 1573 tum
344 1510 462 1573 autem
484 1504 620 1572 cultum
640 1525 720 1572 cum
736 1502 893 1593 lapidum
906 1503 1131 1571 veneratione
1144 1508 1220 1570 arto
1233 1508 1421 1592 cognatum

248 1649 321 1697 esse
345 1628 450 1718 Tylor
474 1634 509 1697 et
532 1630 591 1697 alii
613 1629 806 1697 rectissime
830 1627 1168 1696 animadverterunt.

292 1754 389 1839 §22
420 1755 594 1844 Lepidum
626 1759 745 1823 autem
776 1758 811 1821 et
843 1753 1004 1841 stipitum
1034 1752 1103 1820 duo
1135 1772 1265 1840 genera
1293 1751 1419 1819 distin·
1489 1807 1492 1814 Α

247 1878 385 1966 guenda
415 1879 598 1964 videntum
629 1879 688 1947 alii
716 1878 810 1947 enim
833 1898 977 1967 prorsus
1000 1876 1123 1963 rudes,
1147 1877 1206 1944 alii
1237 1877 1421 1945 hominum

249 2004 409 2073 manibus
444 2004 557 2071 forma
590 2003 742 2093 quadam
774 2002 915 2071 rudioro
951 2007 1013 2070 aut
1043 2001 1224 2070 subtiliore
1257 2002 1421 2069 instructi

248 2133 347 2212 sunt3
378 2128 455 2197 illos
477 2133 658 2217 tamquam
683 2127 856 2195 animatos
880 2126 935 2195 vel
957 2128 1141 2216 geniorum
1165 2126 1290 2196 domus
1313 2149 1419 2196 vene-

247 2252 419 2319 rationem
443 2250 572 2320 habere
591 2251 691 2319 facile
710 2251 858 2340 intelligi
876 2255 1009 2339 potest,
1030 2253 1156 2320 horum
1170 2256 1292 2319 contra
1304 2252 1420 2321 cultus

248 2374 357 2442 multo
367 2375 547 2443 obscurior
560 2380 621 2443 est.
636 2374 796 2442 Nolimus
808 2375 918 2463 igitur
931 2374 1061 2460 mirari,
1071 2375 1227 2443 virorum
1236 2375 1419 2443 doctorum

247 2498 289 2565 de
319 2499 362 2566 iis
385 2499 577 2567 sententias
608 2500 645 2566 in
678 2500 871 2568 contrarias
895 2504 1013 2589 partes
1038 2498 1245 2568 discessisse.
1269 2499 1418 2589 Symbo-

246 2623 368 2692 lismus
399 2625 492 2692 enim
520 2630 556 2693 et
580 2625 804 2710 animismus,
827 2630 868 2692 ut
890 2644 1045 2713 semper,
1069 2624 1135 2692 hac
1158 2646 1297 2713 quoque
1320 2626 1357 2691 in
1381 2646 1419 2693 re

246 2752 397 2815 tesserae
432 2753 532 2829 sunt,
564 2769 654 2837 quae
688 2749 726 2815 in
761 2747 1002 2816 doctrinarum
1033 2729 1153 2837 pugna
1184 2754 1417 2837 usurpantur;

247 2891 359 2959 neque
390 2871 415 2938 ii
446 2871 607 2960 quidem,
639 2873 701 2961 qui
731 2872 880 2940 eandem
911 2877 1079 2940 tesseram
1104 2872 1252 2958 habent,
1276 2893 1419 2961 prorsus

247 2994 338 3061 inter
361 3015 397 3062 se
421 2995 619 3064 consentire
643 2995 819 3063 videntur.

290 3117 385 3206 §28
410 3119 478 3199 oui
502 3119 759 3208 symbolorum,
788 3124 829 3187 ut
850 3121 902 3186 ita
927 3119 1060 3204 dicam,
1084 3120 1178 3187 avidi
1200 3121 1288 3205 sint,
1312 3127 1419 3211 atque

246 3242 376 3330 ubique
406 3249 589 3332 tamquam
615 3264 718 3312 canes
740 3243 893 3311 venatici
917 3263 1038 3311 eorum
1062 3227 1209 3332 vestigia
1232 3243 1417 3333 indagent,

246 3384 303 3432 eos
333 3366 516 3455 pulchram
548 3368 678 3435 hancce
705 3366 872 3455 praedam
896 3386 966 3434 non
989 3367 1145 3436 omisisse
1168 3389 1231 3457 per
1254 3390 1290 3437 se
1312 3370 1417 3438 intel-

245 3488 383 3577 ligitur,
414 3511 496 3557 nam
530 3511 599 3579 quo
629 3477 809 3559 obscurior
839 3491 977 3579 aliquae
1007 3513 1063 3560 res
1094 3513 1169 3560 esse
1195 3493 1353 3578 videtur,
1378 3515 1418 3562 eo

245 3612 379 3682 facilius
410 3615 655 3702 symbolismus
686 3615 743 3683 ille
774 3616 890 3686 fatalis
920 3638 961 3685 ea
990 3617 1096 3706 potiri
1121 3623 1245 3706 potest.
1270 3618 1417 3704 OmneS,

245 3737 428 3826 inquiunt,
459 3738 592 3828 lapides
623 3741 747 3824 erecti,
779 3741 876 3823 ocni,
907 3741 1123 3829 pyramides,
1149 3742 1306 3827 obelisci,
1330 3743 1417 3812 nihil

247 3862 340 3929 aliud
371 3869 454 3931 sunt
484 3864 552 3931 nisi
582 3864 708 3953 phalli,
741 3864 897 3932 divinam
928 3866 1203 3953 procreationem
1228 3866 1417 3955 symbolice

246 3992 547 4074 repraesentantes
564 3988 603 4077 1).
634 3989 772 4057 Movers
785 3990 812 4075 a)
844 3989 1006 4057 omnibus
1038 3989 1195 4057 obeliscis
1226 3990 1350 4079 ligneis
1382 3997 1417 4060 et

283 4150 303 4216 ¹)
320 4150 380 4201 Iam
399 4150 503 4218 Zoiga,
522 4150 552 4202 in
571 4150 643 4202 libro
662 4151 710 4219 qui
730 4150 894 4204 inscribitur
916 4151 972 4218 „De
992 4151 1099 4219 origine
1116 4153 1143 4203 et
1154 4167 1205 4203 usu
1216 4152 1416 4205 obeliscorum”

246 4239 339 4304 (1797)
368 4239 401 4290 de
430 4239 564 4291 affinitate
592 4240 681 4306 phalli
709 4256 772 4292 oum
800 4240 891 4308 cippis
919 4241 1025 4293 truncis
1048 4240 1188 4308 lapidibus
1217 4241 1357 4308 loquitur,
1376 4242 1416 4294 ita

246 4327 372 4394 quidem,
392 4330 423 4379 ut
442 4343 487 4379 eos
506 4343 560 4379 non
578 4328 653 4395 apud
671 4328 775 4394 priscos
794 4327 926 4394 Graecos,
945 4329 993 4381 sod
1012 4331 1121 4380 tantum
1141 4332 1287 4396 postquam
1298 4330 1414 4398 Dionysi

246 4416 337 4467 cultus
366 4415 509 4468 Graeciam
537 4416 683 4469 invasisset
702 4417 811 4484 phallos
830 4417 940 4470 habitos
959 4434 1017 4471 esso
1036 4418 1165 4485 opinetur
1186 4421 1244 4486 (pp.
1264 4419 1315 4469 213
1335 4420 1415 4485 sqq).

283 4502 303 4570 i)
322 4504 446 4572 Morere,
465 4505 516 4558 Die
536 4505 685 4558 Phinizier
705 4506 720 4557 Ι
739 4523 785 4574 pp.
805 4509 857 4559 570
876 4523 935 4576 sqq.
