3442 5175
859 376 926 447 200

308 575 436 645 rationi
470 576 635 656 fuissent,
667 581 787 664 postea
817 581 937 643 tamen
962 573 1091 642 autad
1114 573 1196 641 deos
1220 571 1484 662 quodammodo

308 703 483 790 pertinere
505 701 754 779 credebantur,
775 705 837 767 aut
857 719 979 767 eorum
999 698 1099 786 signa
1121 699 1158 764 in
1178 698 1325 765 deorum
1337 697 1486 786 templis

308 826 467 904 stabant,
497 826 579 894 deos
610 827 702 914 ipsos
732 828 1054 912 repraesentanteS,
1088 822 1184 890 velut
1212 828 1341 890 taurus
1364 822 1487 910 Cyzici

308 971 371 1039 pro
405 959 547 1037 Διονύσῳ
581 950 746 1018 adoratus
760 950 807 1036 1);
844 969 936 1037 quae
970 947 1157 1016 simulacra
1185 968 1326 1036 quoque
1362 968 1486 1014 veram

309 1076 380 1140 vim
411 1075 611 1163 saepissime
642 1071 871 1156 amittebant,
900 1072 950 1139 ita
981 1072 1143 1161 quidem,
1175 1076 1215 1139 ut
1237 1070 1316 1138 ideo
1339 1076 1487 1138 tautum

309 1197 466 1267 dedicata
489 1219 563 1266 esse
586 1202 813 1286 putarentur,
842 1197 926 1285 quia
948 1196 1096 1281 animal,
1120 1195 1214 1284 quod
1238 1200 1486 1283 repraesenta-

308 1327 406 1403 rent,
437 1322 480 1389 de
510 1322 574 1390 deo
604 1323 676 1389 sive
708 1321 790 1404 dea,
818 1323 856 1388 iu
880 1322 979 1389 cuius
1000 1319 1131 1409 templo
1151 1324 1302 1399 starent,
1328 1319 1486 1407 quodam

310 1446 411 1514 modo
433 1445 522 1513 hene
544 1447 709 1514 meritum
730 1451 829 1514 esset.
853 1445 907 1513 Ita
927 1446 1030 1534 lupus
1049 1444 1203 1511 aheneus
1222 1445 1260 1511 in
1283 1450 1488 1522 ’Λπόλλωνος

310 1571 468 1659 Delphici
509 1570 594 1638 aede
625 1570 922 1659 conspiciebatur,
958 1570 1041 1659 quia
1075 1569 1179 1657 lupus
1213 1588 1269 1635 res
1303 1588 1428 1634 aureas
1465 1588 1487 1633 e

309 1697 439 1785 templo
481 1700 660 1783 surreptas
694 1695 899 1774 indicasset,
936 1695 1124 1783 furemque
1158 1697 1316 1760 necasset
1329 1693 1372 1775 2);
1407 1692 1487 1759 ovis

310 1820 480 1889 eiusmodi
504 1820 547 1888 0b
571 1841 712 1888 causam
735 1821 772 1887 in
794 1826 900 1909 Ἥρας
923 1825 1052 1904 Σαμίας
1076 1819 1208 1906 templo
1233 1818 1349 1885 stabat
1362 1818 1403 1905 ³).
1498 1819 1502 1821 ’

355 1945 434 2013 Alia
465 1944 669 2028 simulacra,
700 1964 770 2011 non
800 1945 835 2011 in
868 1943 1014 2013 deorum
1046 1943 1137 2009 fanis
1161 1942 1345 2024 collocata,
1370 1961 1414 2006 ne
1439 1941 1487 2006 ad

310 2069 392 2137 deos
423 2069 599 2158 pertinere
630 2069 772 2158 quidem
805 2068 955 2158 amplius
980 2067 1288 2150 existimabantur,
1312 2066 1372 2133 sed
1397 2066 1487 2133 alias

311 2194 354 2261 ob
388 2214 512 2263 causas
546 2195 769 2262 veneratione
801 2193 939 2281 dignari
970 2192 1222 2275 credebantur;
1253 2190 1350 2258 velut
1378 2210 1487 2278 capra

309 2317 368 2385 illa
392 2318 543 2401 ahenea,
568 2339 673 2407 quam
699 2318 842 2386 Phliasii
863 2318 1066 2403 adorabant,
1080 2337 1124 2384 ne
1138 2326 1272 2384 astrum
1285 2316 1342 2383 cui
1356 2335 1488 2382 nomen

311 2441 422 2530 Capra
446 2442 576 2510 vitibus
598 2447 740 2510 noceret
748 2443 787 2528 4),
811 2447 845 2509 et
869 2442 988 2509 asinus
1008 2440 1075 2515 ille,
1096 2441 1158 2528 qui
1171 2438 1341 2527 Naupliae
1355 2438 1487 2505 incolas

310 2571 487 2634 sarmenta
510 2572 635 2655 putare
659 2564 871 2653 docuerat5).

355 2691 373 2779 ξ
397 2690 450 2758 71.
482 2691 582 2770 Quod
607 2691 648 2758 ad
677 2689 842 2757 animalia
865 2691 941 2778 ipsa
965 2689 1109 2771 attinet,
1133 2708 1254 2755 eorum
1279 2687 1394 2755 cultus
1419 2709 1486 2776 po-

311 2815 515 2882 sterioribus
539 2816 755 2904 temporibus
779 2834 849 2881 non
874 2834 1016 2902 prorsus
1039 2813 1232 2880 exstinctus
1256 2818 1348 2894 erat,
1370 2812 1430 2879 sed
1444 2833 1487 2879 eo

312 2940 413 3006 modo
438 2939 827 3028 anthropomorphismo
850 2938 1050 3018 subiectus,
1076 2942 1116 3004 ut
1135 2937 1302 3028 animalia
1326 2957 1425 3004 sacra
1449 2938 1488 3004 in

311 3065 457 3132 deorum
469 3063 609 3152 templis
621 3064 851 3131 nutrirentur.
868 3063 916 3130 Ut
927 3063 1020 3129 euim
1030 3061 1489 3151 pleraquefauasiveheroa

312 3189 494 3256 arboribus
506 3189 614 3256 sacris
627 3188 844 3256 circumdata
857 3193 958 3254 eraut
967 3187 1008 3274 6),
1021 3187 1071 3257 ita
1085 3186 1204 3254 multis
1216 3187 1253 3253 in
1262 3186 1402 3273 templis
1411 3187 1489 3253 sire

312 3314 405 3380 circa
417 3313 549 3401 templa
561 3313 726 3380 animalia
739 3317 859 3380 sancta
873 3313 1009 3400 diisque
1021 3311 1180 3378 dedicata
1193 3311 1490 3399 nutriebantu1²⁷);

312 3459 576 3525 nonnumquam
598 3437 739 3504 fatidica
765 3436 1003 3519 habebantur,
1029 3441 1064 3503 et
1084 3435 1158 3519 dei,
1177 3435 1214 3501 in
1235 3436 1334 3502 errius
1353 3436 1491 3524 templo

312 3562 562 3645 versabantur,
597 3561 876 3628 benevolentiam
912 3561 985 3628 sive
1015 3561 1105 3627 iram
1137 3579 1177 3626 eo
1200 3559 1355 3626 indicare
1380 3565 1492 3646 puta-

312 3687 459 3770 bantur,
495 3685 589 3774 quod
624 3685 782 3752 ciborum
816 3685 882 3752 sihi
916 3690 1158 3773 porrectorum
1189 3684 1300 3770 magis
1324 3683 1494 3753 minusve

303 3879 308 3887 ’
351 3918 542 3987 nummo.
563 3918 594 3969 11
614 3919 628 3983 s
649 3920 709 3969 aaa.

350 4008 370 4073 2)
389 4008 470 4059 raus.
490 4008 517 4058 x
538 4011 584 4072 14,
606 4009 635 4072 r,
655 4007 715 4058 555.
736 4007 766 4057 11
787 4008 801 4072 a
822 4009 882 4058 aaa.

349 4096 370 4162 3)
391 4097 452 4147 Ael.
471 4096 535 4147 Nat.
555 4095 648 4149 Anim.
668 4095 728 4146 XII
750 4097 799 4161 40,
818 4095 882 4146 vide
902 4095 962 4146 Lib.
982 4093 1013 4146 ΙΙ
1033 4098 1046 4159 ἓ
1067 4095 1125 4146 257.

348 4185 370 4251 4)
390 4186 470 4236 Pane.
491 4185 522 4236 II
543 4187 590 4249 13,
610 4187 640 4250 6,
660 4184 723 4235 vide
743 4183 803 4235 Lib.
824 4184 854 4234 ΙΙ
875 4186 890 4249 ,ξ
911 4188 970 4235 201.

349 4273 370 4339 ⁵)
389 4274 470 4324 Paua.
491 4274 521 4324 II
542 4277 589 4338 38,
611 4276 639 4338 3,
660 4273 722 4324 vide
743 4272 802 4324 Lib.
823 4272 853 4323 II
874 4274 888 4338 ξ
909 4275 968 4323 262.

349 4362 371 4427 θ)
390 4361 462 4413 vioe
481 4361 541 4413 Lib.
562 4362 593 4412 11
613 4363 643 4428 §5
665 4365 818 4427 ras-134,
839 4362 987 4412 aot-au.

351 4448 372 4517 ⁷)
392 4451 463 4501 Vide
484 4450 542 4500 Lib.
561 4450 591 4500 ΙΙ
611 4451 642 4516 ἓξ
662 4452 811 4502 ree-254.
