3442 5175
866 428 911 497 22

305 642 445 711 quoque
479 622 542 689 tali
573 623 727 710 opinioni
758 622 871 702 favet,
896 623 953 689 cui
976 627 1095 690 tamen
1119 644 1261 713 serpens
1284 624 1419 693 arboris
1442 632 1477 692 et

306 747 402 830 coni,
434 747 506 814 ie.
532 746 712 814 muliebris
735 751 770 814 et
794 746 905 814 virilis
929 767 1049 829 senne,
1076 748 1357 817 coniunctionem
1382 771 1477 838 sym-

305 870 415 938 bolice
438 870 594 938 indicare
618 871 768 939 videtur.
1411 949 1415 958 ,

351 993 527 1062 Schwartz
541 994 568 1083 1)
597 999 718 1062 contra
742 994 884 1063 arbores
906 1000 1089 1085 tamquam
1114 997 1271 1065 coelestis
1294 997 1475 1095 cuiusdam

306 1117 438 1185 arboris
468 1117 638 1206 imagines
669 1118 713 1186 ab
745 1118 1037 1187 Indo-Germanis
1069 1119 1135 1188 coli
1166 1121 1345 1210 perhibet,
1377 1123 1478 1190 cuius

305 1238 387 1307 folia
422 1241 546 1320 nubes,
580 1242 670 1307 rami
700 1242 781 1310 solis
811 1243 944 1329 radios,
977 1244 1112 1312 intactus
1143 1250 1238 1312 astra
1269 1246 1477 1334 significent.

307 1365 401 1444 Quas
438 1365 685 1454 explicationes
723 1367 868 1434 minime
906 1373 1037 1448 rectas,
1077 1374 1291 1458 postremam
1326 1369 1477 1459 denique

307 1489 593 1558 absurdissimam
623 1490 744 1558 habeo.
769 1491 953 1559 Baudissin
967 1493 994 1579 2)
1019 1513 1158 1582 quoque
1183 1493 1395 1561 Semitarum
1419 1515 1477 1562 ar-

306 1613 432 1681 borum
463 1613 595 1682 cultum
620 1615 810 1703 symbolica
833 1618 969 1685 ratione
990 1618 1216 1707 interpretari
1239 1623 1384 1687 conatus
1408 1623 1477 1686 est:
1555 1621 1558 1626 ⁴

308 1758 494 1826 cupressus
518 1739 630 1821 enim,
655 1738 805 1827 palmas,
827 1738 936 1808 malos
955 1742 1121 1829 puniceas
1134 1741 1478 1831 fecunditataquer·

308 1882 369 1929 cus
415 1846 539 1929 robore
580 1862 725 1930 deorum
769 1868 977 1950 potestatem
1013 1865 1195 1932 ostendere
1229 1865 1378 1955 ideoque
1413 1867 1479 1934 diis

307 2007 423 2055 sacras
454 2006 528 2053 esse
559 1987 733 2074 opinatur.
762 1986 929 2055 Attamen
953 1989 1125 2057 eiusmodi
1148 1989 1395 2077 symbolismus
1418 1992 1479 2079 qui

308 2110 436 2177 dieitur
460 2108 504 2177 ab
526 2109 659 2178 inculta
682 2115 799 2177 mente
821 2131 963 2199 prorsus
987 2111 1122 2180 alienus
1142 2133 1215 2181 esse
1230 2115 1479 2194 mihiuidetur;

308 2234 449 2301 arbores
480 2234 572 2300 enim
604 2233 647 2300 ob
678 2233 928 2301 fecunditatem
960 2240 1021 2303 aut
1050 2236 1158 2303 robur
1181 2258 1250 2304 non
1274 2238 1478 2323 coluissent,

308 2358 375 2425 nisi
398 2377 457 2425 eas
479 2357 652 2425 animatas
675 2363 710 2425 et
734 2336 852 2425 mente
875 2359 1289 2446 praeditashabuissent.
1313 2363 1480 2442 Quamvis

307 2483 416 2570 igitur
451 2480 579 2549 multas
614 2481 657 2548 ob
693 2502 814 2550 causas
846 2483 988 2551 arbores
1018 2458 1254 2554 venerationis
1284 2487 1414 2555 honore
1437 2489 1480 2557 ab

308 2605 509 2674 hominibus
540 2605 666 2694 dignae
695 2606 913 2691 iudicentur,
945 2628 1066 2676 omnes
1097 2614 1216 2678 tamen
1239 2611 1319 2680 illae
1342 2614 1379 2679 in
1403 2614 1480 2680 ani·

309 2733 433 2799 mismo
449 2735 631 2818 tamquam
643 2731 873 2800 fundamento
886 2753 963 2800 mea
976 2734 1119 2821 quidem
1132 2737 1294 2824 opinione
1307 2737 1479 2805 nituntur.

744 2981 768 3049 G
781 2982 811 3048 Α
823 2983 852 3048 Ρ
865 2982 898 3051 U
910 2983 939 3047 'l'
973 2983 1054 3049 VII.

483 3153 533 3219 lle
558 3151 715 3235 lapidum
737 3152 978 3220 venerationis
1002 3154 1118 3219 causis
1143 3153 1307 3222 diversis.

355 3324 373 3411 ς
404 3321 457 3388 26.
492 3322 613 3387 Restat
644 3325 684 3388 ut
714 3319 756 3387 de
783 3320 941 3408 lapidum
973 3322 1088 3389 cultus
1114 3323 1250 3390 ratione
1285 3322 1481 3411 loquamur.

311 3447 387 3525 Qua
410 3447 446 3513 in
470 3466 508 3512 re
531 3445 648 3512 omnia
671 3445 759 3513 bene
778 3445 993 3533 distinguere
1016 3466 1086 3514 non
1110 3447 1226 3514 minus
1249 3446 1388 3514 difficile
1409 3468 1482 3515 esse

349 3698 369 3763 1)
389 3697 434 3749 W.
454 3695 610 3760 Schwartz,
630 3694 907 3763 Indogermanisoher
927 3694 1204 3763 Volksglaubep.1:
1227 3696 1331 3760 „Unter
1343 3696 1482 3748 Auderem

229 3775 232 3780 ¹
311 3785 374 3838 tritt
399 3800 451 3836 uns
476 3783 537 3836 eine
562 3783 654 3835 solohe
682 3781 914 3851 Consolidierung
939 3783 987 3834 der
1013 3783 1154 3834 Elementa
1176 3784 1276 3834 hiiehst
1295 3783 1483 3836 bezeichnend

312 3876 342 3925 in
358 3874 411 3925 den
421 3875 609 3941 sogenannten
620 3872 805 3923 Baumkultus
816 3872 873 3922 und
884 3872 937 3924 den
948 3872 1007 3924 sich
1019 3872 1105 3923 daran
1115 3872 1319 3924 sehliessenden
1329 3875 1482 3941 mythisch·

312 3963 460 4030 religidsen
479 3962 695 4029 Vorstellungen
714 3964 865 4028 entgegen,
885 3961 989 4013 welche
1009 3961 1099 4012 nicht.
1167 3977 1216 4012 aus
1236 3962 1298 4013 dem
1317 3962 1483 4016 Weldleben

313 4053 361 4103 der
386 4051 483 4103 Urzeit
507 4050 688 4102 unmittelbar
707 4052 967 4119 herrorgegangen‚
988 4050 1106 4103 sondern
1125 4051 1324 4119 urspriinglich
1342 4052 1394 4102 auf
1413 4052 1483 4104 Vor-

313 4141 469 4207 stellungen
496 4154 548 4190 ron
573 4140 662 4191 einem
682 4138 882 4191 wunderbaren
903 4139 993 4190 Welt-
1013 4139 1077 4190 oder
1098 4138 1304 4191 Himmelbaum
1324 4142 1429 4192 zurfick
1449 4159 1484 4193 zu

313 4230 415 4281 ftihren
440 4227 516 4292 sind,
536 4228 576 4279 als
595 4227 690 4287 dassen
710 4227 845 4279 Abbilder
866 4245 918 4278 nur
937 4228 1088 4294 gleichsam
1107 4228 1221 4294 gewisse
1240 4228 1361 4280 irdisohe
1379 4229 1484 4281 Bitumo

315 4317 388 4367 dann
407 4315 604 4383 eingetreten.”

352 4404 372 4470 ²)
394 4404 437 4455 W.
456 4403 501 4454 W.
523 4403 594 4455 Grai
613 4403 777 4469 Baudissin,
797 4404 913 4456 Studien
929 4421 978 4457 zur
994 4404 1484 4473 semitisehenReligionsgesohiehte

316 4492 346 4547 ΙΙ
368 4494 515 4548 let-230.
