3442 5175
875 437 920 504 26

310 633 446 721 depicta
466 636 548 700 sunt
558 631 585 720 1)
607 669 645 682 —
668 631 844 698 Schwartz
865 631 959 698 hune
979 631 1129 697 colorem
1149 648 1311 697 auroram
1329 628 1485 696 indicare

309 755 641 845 perhihetl-quod
654 755 861 844 sanguinem
873 754 955 821 olim
967 755 1005 820 in
1017 773 1057 820 ea
1070 752 1220 821 effusum
1231 753 1266 820 in
1279 753 1483 820 memoriam

308 880 475 947 reducere
489 879 636 947 videtur.
653 878 821 945 Attamen
833 877 927 945 aliud
941 896 1105 944 saxorum
1118 876 1260 945 rudium
1273 886 1384 966 genus
1397 883 1485 962 erat,

308 1004 346 1071 in
370 1004 499 1092 quibus¹
521 1004 615 1092 genii
638 1002 838 1070 hominibus
861 1001 1012 1081 inimici,
1037 1020 1151 1089 neque
1170 1005 1252 1068 ante
1272 1000 1485 1068 tomemismi

309 1132 468 1216 tempora
506 1147 620 1216 neque
655 1127 699 1195 ab
734 1127 817 1215 ipsis
852 1131 1066 1193 totemorum
1102 1124 1295 1193 cultoribus
1330 1125 1485 1209 adorati,

309 1250 468 1318 habitare
498 1250 731 1339 putabantur3
764 1271 854 1340 quae
885 1256 1005 1340 postea
1037 1268 1119 1317 curn
1150 1248 1320 1316 altaribus
1343 1248 1411 1316 illis
1434 1248 1485 1314 ita

309 1374 630 1456 confundebantur,
661 1380 701 1443 ut
724 1395 765 1442 ea
790 1394 930 1464 quoque
954 1373 1155 1441 veneranda
1179 1372 1484 1455 existimarentur3

310 1519 379 1588 quo
412 1498 513 1566 modo
543 1498 612 1567 duo
641 1519 770 1586 genera
802 1500 838 1565 in
870 1519 981 1566 unum
1013 1497 1163 1566 conssata
1188 1503 1287 1577 sunt,
1313 1503 1348 1564 et
1371 1497 1483 1586 genii,

218 1615 220 1620 ’
310 1623 392 1690 olim
420 1623 555 1690 inimici
585 1628 691 1712 atque
722 1623 916 1711 conspreti,
947 1642 1041 1690 nunc
1071 1622 1193 1689 eodem
1217 1642 1258 1689 ac
1290 1621 1403 1689 amica
1424 1621 1485 1688 illa

212 2017 283 2060 l,

280 2071 283 2114 Ι

278 2145 284 2302 l

310 1753 441 1816 totema
464 1748 610 1837 pristina
635 1749 765 1815 honore
787 1748 972 1829 fruuntur,
996 1753 1058 1815 aut
1082 1747 1175 1835 apud
1199 1748 1362 1836 antiquos
1386 1748 1483 1815 frue-

309 1871 449 1939 bantur.
471 1872 674 1939 Totemismi
694 1878 812 1939 autem
835 1877 993 1959 tempore
1014 1870 1148 1939 hostiae
1168 1871 1232 1939 deo
1256 1891 1326 1938 non
1350 1871 1483 1939 sacrifi-

311 1995 498 2080 cabantur,
539 1995 599 2063 sed
631 1995 760 2062 animal
795 1997 918 2062 totemi
952 1996 1080 2084 speciei
1114 2001 1255 2064 tantum
1291 1996 1484 2064 necabatur

311 2124 416 2207 atque
447 2118 713 2204 comedebatur,
745 2124 785 2187 ut
815 2120 997 2188 vinculum
1028 2120 1121 2186 inter
1144 2119 1249 2187 deum
1274 2124 1309 2187 et
1332 2120 1484 2189 cultores

311 2243 385 2311 eius
419 2249 664 2327 renovaretur3
699 2248 820 2331 postea
850 2249 989 2322 contra,
1021 2243 1111 2311 ritus
1142 2259 1246 2311 sensu
1277 2244 1483 2330 obliterato,

282 2351 285 2360 Α
311 2365 424 2433 hostia
463 2366 527 2434 deo
565 2372 746 2455 tamquam
779 2367 910 2436 donum
935 2344 1052 2434 offerri
1074 2366 1284 2455 putabatur3
1309 2388 1415 2456 quam
1439 2368 1483 2436 ob

311 2511 385 2559 rem
418 2492 520 2558 homo
550 2492 721 2578 incultus,
745 2492 787 2560 de
811 2492 1014 2561 sublimiore
1038 2492 1238 2559 totemismo
1263 2491 1307 2558 ad
1332 2492 1481 2560 eundem

311 2615 517 2683 deteriorem
550 2621 695 2698 statum,
727 2619 765 2685 in
796 2639 866 2707 quo
890 2623 993 2686 antea
1015 2618 1149 2701 luerat,
1175 2636 1256 2684 eum
1279 2617 1317 2683 in
1342 2636 1483 2706 quoquo

311 2740 479 2829 singulari
502 2762 588 2830 rupe
612 2747 717 2831 atque
740 2743 855 2831 lapide
880 2743 1037 2809 animum
1061 2747 1096 2809 et
1118 2745 1328 2829 potestatem
1354 2740 1482 2808 huma-

310 2866 364 2933 nis
384 2865 517 2933 viribus
536 2866 752 2955 superiorem
771 2867 884 2948 inesse
904 2865 1068 2954 putabat,
1089 2864 1263 2953 relapsus,
1284 2863 1351 2931 alio
1363 2869 1483 2931 tamen

311 2991 413 3058 modo
445 2991 611 3059 adversus
639 2991 758 3078 genios
788 2990 920 3078 lapides
950 2990 1079 3058 aliasve
1106 3010 1162 3058 res
1185 2989 1385 3057 habitantes
1409 3009 1484 3057 sese

309 3116 418 3200 gerit,
450 3136 533 3182 uam
560 3134 653 3182 nunc
677 3113 856 3182 sacrificiis
879 3135 937 3182 eos
963 3114 1029 3182 sibi
1052 3114 1242 3202 propitiare
1266 3113 1398 3180 didicit.
1430 3112 1484 3180 lta

311 3241 444 3307 factum
477 3244 530 3336 est
559 3244 599 3306 ut
628 3238 803 3326 lapidibus
834 3244 870 3305 et
900 3238 1047 3306 rudibus
1079 3243 1114 3304 et
1144 3237 1188 3305 ab
1219 3236 1419 3304 hominibus
1446 3237 1483 3302 in
1538 3330 1541 3333 ι

312 3365 459 3431 formam
494 3362 672 3451 quandam
709 3363 918 3430 constructis
940 3383 1003 3451 per
1026 3366 1137 3430 totum
1163 3361 1283 3429 orbem
1307 3365 1483 3428 terrarum

312 3485 527 3556 sacrificetur
546 3491 608 3553 aut
627 3486 837 3554 aveteribus
850 3486 972 3554 eodem
985 3486 1087 3554 modo
1100 3486 1186 3554 culti
1199 3506 1273 3553 esse
1285 3485 1481 3553 tradantur.

357 3611 374 3698 ξ
398 3609 451 3677 31.
476 3609 589 3689 Quam
612 3611 878 3700 explicationem
904 3610 1220 3699 ingeniosissimam
1240 3629 1314 3677 esse
1334 3608 1484 3676 libenter

313 3733 480 3818 conced0,
514 3734 713 3823 partimque
748 3755 826 3802 eam
861 3736 1017 3823 accipere
1048 3735 1171 3817 velim3
1203 3753 1325 3801 vereor
1348 3737 1482 3817 tamen,

313 3880 357 3926 ne
390 3859 652 3947 interpretatio,
685 3880 775 3947 quac
797 3859 944 3927 fortasse
966 3859 1004 3925 in
1027 3858 1160 3946 lapides
1183 3856 1367 3925 nonnullos
1391 3877 1483 3945 qua-

313 3982 408 4062 dret,
448 4003 468 4049 a
501 3983 663 4051 Jevonsio
699 3984 815 4051 minus
850 3988 945 4051 recte
980 3981 1141 4050 omnibus
1175 4001 1296 4048 eorum
1331 3980 1483 4048 cultibus

313 4108 574 4177 accommodata
608 4109 662 4176 sit.
698 4106 789 4185 Quid
824 4108 918 4174 euim
949 4107 991 4174 de
1022 4106 1133 4195 geniis
1156 4105 1224 4173 illis
1245 4104 1397 4172 inimicis
1419 4123 1483 4171 nec

352 4414 371 4479 1)
398 4412 440 4465 cf.
466 4412 613 4478 Lubboolr,
639 4411 716 4481 Orig.
736 4413 767 4463 of
784 4411 893 4464 Civiliz.
913 4428 959 4479 pp.
980 4414 1031 4462 296
1051 4426 1105 4478 sq.,
1126 4410 1181 4463 tab.
1200 4410 1260 4476 1113
1279 4410 1378 4478 Tylor,
1397 4409 1482 4461 Prim.

315 4500 389 4553 curt.
409 4501 440 4552 11
459 4517 486 4568 p.
507 4504 565 4552 164.
