3442 5175
889 390 933 458 58

280 665 286 674 ,
327 586 543 656 44444444
588 585 673 671 444,
714 585 821 669 ason
864 584 948 666 435,
983 584 1090 670 4444,
1125 584 1211 671 444,
1245 584 1335 652 4444
1370 587 1499 674 (onae

327 710 499 779 columnis
522 710 705 798 impositae
730 708 836 796 sunt).

371 832 403 920 d)
438 831 608 901 Columna
642 851 740 899 ramo
774 835 915 898 ornata:
951 830 1047 897 Zahn
1082 830 1132 897 Ill
1168 829 1228 914 363
1263 832 1300 897 in
1331 831 1496 920 gemmis:

327 955 483 1022 Reinaoh
518 953 588 1023 tab.
622 953 684 1036 84,
713 952 757 1019 28
777 982 818 1013 =
840 950 1497 1035 Μ4414114128,044144111411601,

328 1079 441 1166 Raspe
464 1075 570 1159 232&
595 1077 739 1165 Lippert
763 1075 777 1142 l
801 1075 886 1156 6483
911 1074 996 1158 9383
1021 1075 1139 1164 Suppl.
1163 1073 1240 1143 243.

371 1203 400 1284 ο)
435 1200 604 1267 Columna
640 1218 738 1266 ramo
773 1204 808 1266 et
840 1199 933 1283 fane,
964 1200 1001 1266 in
1033 1199 1146 1266 crucis
1178 1199 1329 1287 speciem
1352 1198 1396 1265 441
1420 1219 1498 1266 eam

326 1322 494 1410 alligatis,
529 1327 670 1389 ornata:
707 1320 861 1388 Reinach
896 1321 966 1389 tab.
998 1320 1059 1402 84,
1092 1320 1137 1388 32
1150 1350 1192 1381 =
1206 1320 1367 1388 Moriette
1397 1320 1498 1405 1323

327 1445 473 1533 Lippert
495 1443 510 1510 I
533 1441 617 1527 3823
642 1444 779 1512 duabus
803 1444 956 1512 facibus:
981 1445 1072 1513 nott.
1096 1444 1151 1533 lig.
1175 1444 1229 1511 26.

371 1570 406 1652 d)
437 1566 607 1634 Columna
639 1588 744 1655 supra
778 1588 885 1655 quam
917 1572 1070 1636 astrum:
1094 1568 1133 1635 Β.
1158 1568 1203 1636 Μ.
1226 1589 1260 1657 p.
1284 1567 1368 1648 211,
1391 1568 1498 1652 24453

327 1690 490 1759 columna
521 1691 578 1757 cui
604 1700 735 1778 οἰνοχόη
759 1690 922 1778 imposita
945 1695 1014 1757 est:
1039 1692 1077 1757 B.
1104 1690 1151 1757 M.
1175 1689 1259 1776 191,
1283 1688 1389 1774 1804;
1414 1690 1498 1779 Lip-

326 1820 404 1904 pert
429 1813 548 1903 Suppl.
571 1813 656 1897 5393
676 1833 824 1901 persona
845 1812 1027 1881 columnae
1047 1814 1226 1901 imposita:
1255 1814 1499 1903 Furtwiingler

326 1937 396 2004 tab.
420 1937 483 2020 55,
511 1935 615 2020 7412,
638 1957 671 2024 p.
702 1934 787 2021 2753
810 1936 881 2003 tab.
904 1936 968 2020 55,
994 1935 1098 2021 7419,
1122 1957 1154 2025 p.
1179 1936 1264 2020 2753
1289 1938 1372 2005 Gori
1390 1937 1498 2020 1185,

326 2058 365 2142 33
389 2081 449 2127 ara
473 2065 508 2127 41
528 2060 665 2147 cippus:
691 2059 804 2146 Ruspe
828 2057 1001 2146 141631).

371 2510 423 2576 ΙΙ.
454 2511 505 2576 Ile
536 2509 716 2594 lapidibus
747 2528 767 2576 a
799 2508 945 2577 (iraeois
969 2511 1199 2578 veneratione
1224 2511 1403 2594 dignatis,
1426 2528 1497 2579 non

327 2635 480 2718 amplius
504 2636 587 2715 quia
611 2635 756 2702 deorum
780 2635 880 2702 sedes
905 2637 1042 2718 essent,
1067 2635 1129 2702 sed
1152 2636 1293 2700 tantum
1312 2636 1396 2716 quia
1415 2655 1497 2716 quo·

328 2758 511 2826 dammodo
536 2758 581 2824 ad
605 2757 687 2825 deos
714 2758 788 2825 4144
812 2757 939 2825 heroes
961 2757 1198 2840 pertinerent.

371 2975 466 3065 §lu
493 2977 557 3067 [1].
582 2977 771 3066 Delphis
795 2975 898 3065 (lapis
922 2975 1079 3043 allrono
1103 2976 1318 3065 devoratus).

372 3100 474 3168 PauS.
501 3099 616 3181 1124,
639 3100 670 3167 5.
706 3106 929 3184 Ἐπαναβοὶντι
964 3106 998 3166 δὲ
1032 3110 1098 3167 ἀπὸ
1132 3112 1187 3168 τοῦ
1215 3111 1379 3185 μνήματος
1402 3109 1499 3182 λίθος

327 3233 411 3291 dotia
446 3232 485 3290 οὐ
518 3231 626 3309 μέγας·
664 3232 773 3292 τούτου
807 3237 862 3291 καὶ
892 3231 1006 3292 ἔλαιον
1036 3231 1192 3312 ὁσημέραι
1222 3233 1414 3311 καταχέουσι
1443 3241 1498 3294 καὶ

326 3357 407 3414 κατὰ
430 3354 541 3434 ἑορτὴν
564 3354 698 3432 ἑκάστην
722 3354 793 3435 ἔρια
818 3355 1002 3415 ἐπιτιθέασι
1027 3360 1065 3416 τὰ
1089 3356 1193 3436 ἀργά·
1218 3354 1319 3415 ἔτιδὲ
1342 3362 1396 3416 καὶ
1420 3355 1499 3431 δόξα

327 3480 359 3549 ἐς
389 3478 495 3551 αὐτόν,
521 3474 659 3554 toppum
683 3475 800 3557 Κρόνῳ
823 3481 878 3538 τὸν
900 3478 1001 3538 tideo
1025 3480 1095 3540 41441
1121 3470 1207 3561 [τοῦ]
1231 3477 1355 3554 παιδός,
1379 3486 1434 3540 καὶ
1457 3484 1499 3552 ὡς

326 3599 424 3671 αὖθις
447 3603 564 3677 ἤμεσεν
589 3602 689 3661 αὐτὸν
713 3601 730 3660 ὁ
754 3599 889 3682 Κρόνος.

365 3915 384 3979 1)
409 3912 552 3965 Ouerbeok
577 3912 624 3978 (K.
649 3911 686 3963 M.
712 3912 781 3963 Zeus
807 3929 833 3979 p.
861 3916 885 3964 5.
911 3914 956 3981 fig.
983 3916 1009 3980 1)
1034 3914 1177 3965 vaeoulum
1202 3914 1339 3982 quoddam
1365 3914 1499 3965 14Ι14114

327 4003 459 4055 inferiore
479 4002 584 4053 fantum
603 4000 699 4067 affert,
718 4000 747 4051 in
767 4017 821 4069 quo
841 4002 1011 4053 Oenomaum
1031 4002 1215 4068 oonapioimus
1234 4001 1355 4053 libamen
1373 4002 1403 4052 in
1421 4018 1498 4054 aram

327 4092 503 4155 fundentem,
528 4105 598 4156 pone
623 4105 706 4156 quam
736 4105 823 4155 parva
847 4090 975 4141 oolumna
1001 4090 1209 4158 quadrangula,
1233 4091 1413 4157 inseriptione
1433 4090 1498 4156 Διός

327 4182 438 4244 ornata,
463 4181 527 4231 4141.
553 4178 665 4229 Η44444
689 4178 844 4229 oolumnam
872 4177 938 4243 Διός
963 4178 1054 4230 sedem
1079 4195 1136 4231 4444
1162 4181 1257 4246 putat,
1281 4178 1355 4246 quod
1382 4179 1498 4231 fortasse

326 4284 423 4320 verum
451 4270 505 4333 est,
534 4267 661 4333 quamvis
689 4266 718 4316 in
746 4267 867 4317 vasoulis
895 4282 982 4333 paene
1012 4282 1164 4334 numquam
1187 4267 1243 4318 tale
1271 4266 1338 4334 quid
1357 4266 1498 4333 depintum

327 4355 510 4422 reperiamus3
537 4354 682 4406 denernere
709 4369 763 4404 non
786 4369 944 4420 possumus,
965 4358 1059 4406 utrum
1078 4354 1206 4421 insriptio
1226 4354 1275 4405 illa
1291 4354 1326 4405 ad
1342 4354 1498 4405 oolumnam

327 4445 415 4511 ipsam
434 4459 470 4495 an
489 4442 524 4494 ad
543 4458 619 4494 aram
638 4445 747 4493 tantum
767 4442 914 4509 pertineat.
