<?xml version="1.0" encoding="UTF-8"?>
<!DOCTYPE html PUBLIC "-//W3C//DTD XHTML 1.0 Transitional//EN"
    "http://www.w3.org/TR/xhtml1/DTD/xhtml1-transitional.dtd">
<html xmlns="http://www.w3.org/1999/xhtml" xml:lang="en" lang="en">
 <head>
  <title>
</title>
<meta http-equiv="Content-Type" content="text/html;charset=utf-8" />
  <meta name='ocr-system' content='tesseract 3.04.00' />
  <meta name='ocr-capabilities' content='ocr_page ocr_carea ocr_par ocr_line ocrx_word'/>
</head>
<body>
  <div class='ocr_page' id='page_1' title='image "./degraecorumdiis00vissgoog_0128.png"; bbox 0 0 3442 5175; ppageno 0'>
   <div class='ocr_carea' id='block_1_1' title="bbox 866 388 933 456">
    <p class='ocr_par' dir='ltr' id='par_1_1' title="bbox 866 388 933 456">
     <span class='ocr_line' id='line_1_1' title="bbox 866 388 933 456; baseline 0 0"><span class='ocrx_word' id='word_1_1' title='bbox 866 388 933 456; x_wconf 76' lang='lat'><strong><em>108</em></strong></span> 
     </span>
    </p>
   </div>
   <div class='ocr_carea' id='block_1_2' title="bbox 314 592 1478 1047">
    <p class='ocr_par' dir='ltr' id='par_1_2' title="bbox 314 592 1478 1047">
     <span class='ocr_line' id='line_1_2' title="bbox 315 592 1478 675; baseline -0.001 -20"><span class='ocrx_word' id='word_1_2' title='bbox 315 593 406 675; x_wconf 86' lang='grc' dir='ltr'><strong><em>Λητὼ</em></strong></span> <span class='ocrx_word' id='word_1_3' title='bbox 429 600 490 655; x_wconf 87' lang='grc' dir='ltr'><strong><em>τῶν</em></strong></span> <span class='ocrx_word' id='word_1_4' title='bbox 512 592 636 655; x_wconf 79' lang='grc' dir='ltr'><em>παίδων</em></span> <span class='ocrx_word' id='word_1_5' title='bbox 659 596 712 653; x_wconf 84' lang='grc' dir='ltr'><strong><em>τὸν</em></strong></span> <span class='ocrx_word' id='word_1_6' title='bbox 733 595 839 675; x_wconf 77' lang='grc' dir='ltr'><strong><em>ἕτερον</em></strong></span> <span class='ocrx_word' id='word_1_7' title='bbox 861 594 897 653; x_wconf 79' lang='grc' dir='ltr'><strong><em>ἐν</em></strong></span> <span class='ocrx_word' id='word_1_8' title='bbox 915 598 981 666; x_wconf 82' lang='grc' dir='ltr'><strong><em>ταῖς</em></strong></span> <span class='ocrx_word' id='word_1_9' title='bbox 1001 592 1157 671; x_wconf 76' lang='grc' dir='ltr'><em>ἀγκάλαις</em></span> <span class='ocrx_word' id='word_1_10' title='bbox 1178 593 1298 673; x_wconf 80' lang='grc' dir='ltr'><strong><em>ἔχουσα</em></strong></span> <span class='ocrx_word' id='word_1_11' title='bbox 1309 593 1478 674; x_wconf 77' lang='grc' dir='ltr'><strong><em>προσβᾶσα</em></strong></span> 
     </span>
     <span class='ocr_line' id='line_1_3' title="bbox 315 715 1478 800; baseline -0.001 -22"><span class='ocrx_word' id='word_1_12' title='bbox 315 724 357 797; x_wconf 85' lang='grc' dir='ltr'><strong><em>τῷ</em></strong></span> <span class='ocrx_word' id='word_1_13' title='bbox 379 719 466 798; x_wconf 81' lang='grc' dir='ltr'><strong><em>λιθῷ</em></strong></span> <span class='ocrx_word' id='word_1_14' title='bbox 489 723 530 798; x_wconf 84' lang='grc' dir='ltr'><strong><em>τῷ</em></strong></span> <span class='ocrx_word' id='word_1_15' title='bbox 552 724 611 780; x_wconf 86' lang='grc' dir='ltr'><strong><em>νῦν</em></strong></span> <span class='ocrx_word' id='word_1_16' title='bbox 632 720 677 780; x_wconf 82' lang='grc' dir='ltr'><strong><em>ἔτι</em></strong></span> <span class='ocrx_word' id='word_1_17' title='bbox 698 720 832 798; x_wconf 75' lang='grc' dir='ltr'><strong><em>κειμένῳ</em></strong></span> <span class='ocrx_word' id='word_1_18' title='bbox 855 720 919 779; x_wconf 78' lang='grc' dir='ltr'><strong><em>ὑπὸ</em></strong></span> <span class='ocrx_word' id='word_1_19' title='bbox 939 723 980 797; x_wconf 85' lang='grc' dir='ltr'><strong><em>τῷ</em></strong></span> <span class='ocrx_word' id='word_1_20' title='bbox 992 715 1067 779; x_wconf 87' lang='grc' dir='ltr'><strong><em>ποὸί</em></strong></span> <span class='ocrx_word' id='word_1_21' title='bbox 1078 725 1129 796; x_wconf 82' lang='grc' dir='ltr'><strong><em>τῆς</em></strong></span> <span class='ocrx_word' id='word_1_22' title='bbox 1142 718 1265 799; x_wconf 82' lang='grc' dir='ltr'><strong><em>χαλκῆς</em></strong></span> <span class='ocrx_word' id='word_1_23' title='bbox 1275 720 1478 800; x_wconf 81' lang='grc' dir='ltr'><strong><em>εἰργασμένης</em></strong></span> 
     </span>
     <span class='ocr_line' id='line_1_4' title="bbox 314 841 1477 925; baseline -0.001 -22"><span class='ocrx_word' id='word_1_24' title='bbox 314 841 451 923; x_wconf 82' lang='grc' dir='ltr'><strong><em>Λητοῦς,</em></strong></span> <span class='ocrx_word' id='word_1_25' title='bbox 487 845 505 903; x_wconf 86' lang='grc' dir='ltr'><strong>ὃ</strong></span> <span class='ocrx_word' id='word_1_26' title='bbox 532 850 583 923; x_wconf 73' lang='grc' dir='ltr'><strong><em>τῆς</em></strong></span> <span class='ocrx_word' id='word_1_27' title='bbox 604 845 670 904; x_wconf 88' lang='grc' dir='ltr'><strong><em>τότε</em></strong></span> <span class='ocrx_word' id='word_1_28' title='bbox 693 846 834 924; x_wconf 83' lang='grc' dir='ltr'><strong><em>πράξεως</em></strong></span> <span class='ocrx_word' id='word_1_29' title='bbox 855 846 986 923; x_wconf 85' lang='grc' dir='ltr'><strong><em>μίμημα</em></strong></span> <span class='ocrx_word' id='word_1_30' title='bbox 1009 844 1180 921; x_wconf 84' lang='grc' dir='ltr'><strong><em>γενόμενον</em></strong></span> <span class='ocrx_word' id='word_1_31' title='bbox 1202 844 1367 905; x_wconf 89' lang='grc' dir='ltr'><strong><em>άνάκειται</em></strong></span> <span class='ocrx_word' id='word_1_32' title='bbox 1390 847 1477 925; x_wconf 84' lang='grc' dir='ltr'><strong><em>παρὰ</em></strong></span> 
     </span>
     <span class='ocr_line' id='line_1_5' title="bbox 314 966 1035 1047; baseline -0.001 -19"><span class='ocrx_word' id='word_1_33' title='bbox 314 972 370 1046; x_wconf 81' lang='grc' dir='ltr'><strong><em>τὴν</em></strong></span> <span class='ocrx_word' id='word_1_34' title='bbox 392 968 558 1030; x_wconf 73' lang='grc' dir='ltr'><strong><em>πλάτανον</em></strong></span> <span class='ocrx_word' id='word_1_35' title='bbox 580 970 615 1029; x_wconf 90' lang='grc' dir='ltr'><strong><em>έν</em></strong></span> <span class='ocrx_word' id='word_1_36' title='bbox 638 966 789 1047; x_wconf 76' lang='grc' dir='ltr'><em>Δελφοῖς,</em></span> <span class='ocrx_word' id='word_1_37' title='bbox 814 972 903 1030; x_wconf 89' lang='grc' dir='ltr'><strong><em>είπεν</em></strong></span> <span class='ocrx_word' id='word_1_38' title='bbox 924 988 952 1029; x_wconf 90' lang='grc' dir='ltr'><strong><em>κ.</em></strong></span> <span class='ocrx_word' id='word_1_39' title='bbox 966 987 990 1028; x_wconf 91' lang='grc' dir='ltr'><strong><em>τ.</em></strong></span> <span class='ocrx_word' id='word_1_40' title='bbox 1004 967 1035 1027; x_wconf 89' lang='grc' dir='ltr'><strong><em>λ.</em></strong></span> 
     </span>
    </p>
   </div>
   <div class='ocr_carea' id='block_1_3' title="bbox 360 1082 836 1154">
    <p class='ocr_par' dir='ltr' id='par_1_3' title="bbox 360 1082 836 1154">
     <span class='ocr_line' id='line_1_6' title="bbox 360 1082 836 1154; baseline -0.002 -2"><span class='ocrx_word' id='word_1_41' title='bbox 360 1083 408 1152; x_wconf 77' lang='lat' dir='ltr'><strong><em>Of.</em></strong></span> <span class='ocrx_word' id='word_1_42' title='bbox 434 1084 521 1153; x_wconf 92' lang='lat' dir='ltr'><strong>Plin.</strong></span> <span class='ocrx_word' id='word_1_43' title='bbox 545 1084 587 1153; x_wconf 90' lang='lat' dir='ltr'><strong><em>H.</em></strong></span> <span class='ocrx_word' id='word_1_44' title='bbox 611 1084 654 1154; x_wconf 91' lang='lat' dir='ltr'><strong><em>N.</em></strong></span> <span class='ocrx_word' id='word_1_45' title='bbox 677 1084 757 1153; x_wconf 86' lang='lat' dir='ltr'><strong><em>XVI</em></strong></span> <span class='ocrx_word' id='word_1_46' title='bbox 782 1082 836 1153; x_wconf 84' lang='lat'><strong><em>88.</em></strong></span> 
     </span>
    </p>
   </div>
   <div class='ocr_carea' id='block_1_4' title="bbox 312 1295 1516 3237">
    <p class='ocr_par' dir='ltr' id='par_1_4' title="bbox 358 1295 1476 1389">
     <span class='ocr_line' id='line_1_7' title="bbox 358 1295 1476 1389; baseline 0.003 -25"><span class='ocrx_word' id='word_1_47' title='bbox 358 1295 376 1385; x_wconf 83' lang='lat'><strong>§</strong></span> <span class='ocrx_word' id='word_1_48' title='bbox 398 1296 473 1366; x_wconf 75' lang='grc'><strong><em>126.</em></strong></span> <span class='ocrx_word' id='word_1_49' title='bbox 489 1296 556 1389; x_wconf 58' lang='grc'><strong>[9].</strong></span> <span class='ocrx_word' id='word_1_50' title='bbox 569 1297 778 1387; x_wconf 80' lang='lat' dir='ltr'><strong>Caphyis‚</strong></span> <span class='ocrx_word' id='word_1_51' title='bbox 791 1298 828 1365; x_wconf 94' lang='lat' dir='ltr'><strong><em>in</em></strong></span> <span class='ocrx_word' id='word_1_52' title='bbox 839 1297 926 1367; x_wconf 87' lang='lat' dir='ltr'><strong>urbe</strong></span> <span class='ocrx_word' id='word_1_53' title='bbox 940 1296 1109 1366; x_wconf 81' lang='lat' dir='ltr'>Arcadiae</span> <span class='ocrx_word' id='word_1_54' title='bbox 1121 1297 1284 1383; x_wconf 89' lang='lat' dir='ltr'><strong>(Menelai</strong></span> <span class='ocrx_word' id='word_1_55' title='bbox 1292 1298 1476 1387; x_wconf 82' lang='lat' dir='ltr'><strong>platanus).</strong></span> 
     </span>
    </p>

    <p class='ocr_par' dir='ltr' id='par_1_5' title="bbox 312 1420 1516 2882">
     <span class='ocr_line' id='line_1_8' title="bbox 359 1420 1475 1511; baseline 0.003 -21"><span class='ocrx_word' id='word_1_56' title='bbox 359 1422 461 1490; x_wconf 83' lang='lat' dir='ltr'><strong>Paus.</strong></span> <span class='ocrx_word' id='word_1_57' title='bbox 493 1421 573 1490; x_wconf 88' lang='lat' dir='ltr'>VIII</span> <span class='ocrx_word' id='word_1_58' title='bbox 603 1420 658 1506; x_wconf 75' lang='lat'><strong><em>23,</em></strong></span> <span class='ocrx_word' id='word_1_59' title='bbox 689 1420 721 1489; x_wconf 76' lang='grc'><strong><em>4.</em></strong></span> <span class='ocrx_word' id='word_1_60' title='bbox 745 1430 857 1508; x_wconf 84' lang='grc' dir='ltr'><strong><em>ὀλίγον</em></strong></span> <span class='ocrx_word' id='word_1_61' title='bbox 879 1427 912 1489; x_wconf 81' lang='grc' dir='ltr'><strong><em>άὲ</em></strong></span> <span class='ocrx_word' id='word_1_62' title='bbox 934 1430 1015 1511; x_wconf 79' lang='grc' dir='ltr'><strong><em>ὑπέρ</em></strong></span> <span class='ocrx_word' id='word_1_63' title='bbox 1037 1432 1092 1507; x_wconf 77' lang='grc' dir='ltr'><strong><em>τὴν</em></strong></span> <span class='ocrx_word' id='word_1_64' title='bbox 1115 1429 1212 1491; x_wconf 88' lang='grc' dir='ltr'><strong><em>πόλιν</em></strong></span> <span class='ocrx_word' id='word_1_65' title='bbox 1235 1434 1320 1510; x_wconf 78' lang='grc' dir='ltr'><strong><em>πηγή</em></strong></span> <span class='ocrx_word' id='word_1_66' title='bbox 1342 1432 1375 1491; x_wconf 87' lang='grc' dir='ltr'><strong><em>τέ</em></strong></span> <span class='ocrx_word' id='word_1_67' title='bbox 1396 1433 1475 1507; x_wconf 80' lang='grc' dir='ltr'><strong><em>ἐστι,</em></strong></span> 
     </span>
     <span class='ocr_line' id='line_1_9' title="bbox 313 1550 1477 1635; baseline 0.003 -21"><span class='ocrx_word' id='word_1_68' title='bbox 313 1560 367 1615; x_wconf 90' lang='grc' dir='ltr'><strong><em>καί</em></strong></span> <span class='ocrx_word' id='word_1_69' title='bbox 397 1556 450 1614; x_wconf 85' lang='grc' dir='ltr'><strong><em>ἐπί</em></strong></span> <span class='ocrx_word' id='word_1_70' title='bbox 473 1560 508 1635; x_wconf 81' lang='grc' dir='ltr'><strong><em>τῇ</em></strong></span> <span class='ocrx_word' id='word_1_71' title='bbox 531 1560 615 1635; x_wconf 83' lang='grc' dir='ltr'><strong><em>πηγῇ</em></strong></span> <span class='ocrx_word' id='word_1_72' title='bbox 638 1553 801 1627; x_wconf 83' lang='grc' dir='ltr'><strong><em>πλάτανος</em></strong></span> <span class='ocrx_word' id='word_1_73' title='bbox 821 1553 947 1634; x_wconf 85' lang='grc' dir='ltr'><strong><em>μεγάλη</em></strong></span> <span class='ocrx_word' id='word_1_74' title='bbox 970 1559 1025 1614; x_wconf 89' lang='grc' dir='ltr'><strong><em>καί</em></strong></span> <span class='ocrx_word' id='word_1_75' title='bbox 1048 1550 1168 1631; x_wconf 80' lang='grc' dir='ltr'><strong><em>εὐειάὴς</em></strong></span> <span class='ocrx_word' id='word_1_76' title='bbox 1190 1554 1318 1633; x_wconf 83' lang='grc' dir='ltr'><strong><em>πέφυκε·</em></strong></span> <span class='ocrx_word' id='word_1_77' title='bbox 1341 1556 1477 1617; x_wconf 82' lang='grc' dir='ltr'><strong><em>καλοῦσι</em></strong></span> 
     </span>
     <span class='ocr_line' id='line_1_10' title="bbox 314 1675 1477 1761; baseline 0.003 -24"><span class='ocrx_word' id='word_1_78' title='bbox 314 1676 348 1737; x_wconf 83' lang='grc' dir='ltr'><strong><em>δέ</em></strong></span> <span class='ocrx_word' id='word_1_79' title='bbox 378 1679 475 1756; x_wconf 80' lang='grc' dir='ltr'><strong><em>αὐτὴν</em></strong></span> <span class='ocrx_word' id='word_1_80' title='bbox 504 1675 709 1753; x_wconf 78' lang='grc' dir='ltr'><strong><em>Μενελαΐδα,</em></strong></span> <span class='ocrx_word' id='word_1_81' title='bbox 734 1676 908 1739; x_wconf 87' lang='grc' dir='ltr'><strong><em>Μενέλαον</em></strong></span> <span class='ocrx_word' id='word_1_82' title='bbox 931 1679 1062 1759; x_wconf 85' lang='grc' dir='ltr'><strong><em>στρατὸν</em></strong></span> <span class='ocrx_word' id='word_1_83' title='bbox 1085 1678 1282 1760; x_wconf 70' lang='grc' dir='ltr'><strong><em>ἀθροίζοντα</em></strong></span> <span class='ocrx_word' id='word_1_84' title='bbox 1305 1680 1337 1751; x_wconf 84' lang='grc' dir='ltr'><strong><em>ές</em></strong></span> <span class='ocrx_word' id='word_1_85' title='bbox 1362 1678 1477 1761; x_wconf 82' lang='grc' dir='ltr'><strong><em>Τροίαν</em></strong></span> 
     </span>
     <span class='ocr_line' id='line_1_11' title="bbox 313 1801 1477 1884; baseline 0.001 -21"><span class='ocrx_word' id='word_1_86' title='bbox 313 1803 489 1881; x_wconf 74' lang='grc' dir='ltr'><strong><em>ἀφικέσθαι</em></strong></span> <span class='ocrx_word' id='word_1_87' title='bbox 523 1823 554 1863; x_wconf 91' lang='grc' dir='ltr'><strong><em>τε</em></strong></span> <span class='ocrx_word' id='word_1_88' title='bbox 577 1803 718 1863; x_wconf 81' lang='grc' dir='ltr'><strong><em>ἐνταῦθα</em></strong></span> <span class='ocrx_word' id='word_1_89' title='bbox 740 1808 795 1863; x_wconf 85' lang='grc' dir='ltr'><strong><em>καί</em></strong></span> <span class='ocrx_word' id='word_1_90' title='bbox 818 1804 871 1863; x_wconf 80' lang='grc' dir='ltr'><strong><em>ἐπί</em></strong></span> <span class='ocrx_word' id='word_1_91' title='bbox 893 1808 929 1884; x_wconf 80' lang='grc' dir='ltr'><strong><em>τῇ</em></strong></span> <span class='ocrx_word' id='word_1_92' title='bbox 951 1808 1035 1883; x_wconf 81' lang='grc' dir='ltr'><strong><em>πηγῇ</em></strong></span> <span class='ocrx_word' id='word_1_93' title='bbox 1058 1806 1113 1880; x_wconf 73' lang='grc' dir='ltr'><strong><em>τὴν</em></strong></span> <span class='ocrx_word' id='word_1_94' title='bbox 1135 1801 1302 1863; x_wconf 72' lang='grc' dir='ltr'><strong><em>πλάτανον</em></strong></span> <span class='ocrx_word' id='word_1_95' title='bbox 1325 1807 1477 1881; x_wconf 84' lang='grc' dir='ltr'><strong><em>φυτεῦσαι</em></strong></span> 
     </span>
     <span class='ocr_line' id='line_1_12' title="bbox 312 1925 1477 2009; baseline 0.002 -23"><span class='ocrx_word' id='word_1_96' title='bbox 312 1926 463 2005; x_wconf 81' lang='grc' dir='ltr'><strong><em>λέγοντες·</em></strong></span> <span class='ocrx_word' id='word_1_97' title='bbox 495 1925 545 2006; x_wconf 80' lang='grc' dir='ltr'><strong><em>ἐφ’</em></strong></span> <span class='ocrx_word' id='word_1_98' title='bbox 575 1929 665 2004; x_wconf 74' lang='grc' dir='ltr'><strong><em>ἡμῶν</em></strong></span> <span class='ocrx_word' id='word_1_99' title='bbox 696 1926 729 1987; x_wconf 79' lang='grc' dir='ltr'><strong><em>δέ</em></strong></span> <span class='ocrx_word' id='word_1_100' title='bbox 759 1932 814 1988; x_wconf 89' lang='grc' dir='ltr'><strong><em>καί</em></strong></span> <span class='ocrx_word' id='word_1_101' title='bbox 843 1931 899 2006; x_wconf 78' lang='grc' dir='ltr'><strong><em>τὴν</em></strong></span> <span class='ocrx_word' id='word_1_102' title='bbox 920 1931 1024 2007; x_wconf 78' lang='grc' dir='ltr'><strong><em>πηγὴν</em></strong></span> <span class='ocrx_word' id='word_1_103' title='bbox 1045 1930 1125 1988; x_wconf 88' lang='grc' dir='ltr'><strong><em>κατά</em></strong></span> <span class='ocrx_word' id='word_1_104' title='bbox 1147 1928 1244 1987; x_wconf 81' lang='grc' dir='ltr'><strong><em>ταύτά</em></strong></span> <span class='ocrx_word' id='word_1_105' title='bbox 1266 1933 1303 2009; x_wconf 79' lang='grc' dir='ltr'><strong><em>τῇ</em></strong></span> <span class='ocrx_word' id='word_1_106' title='bbox 1324 1928 1477 2007; x_wconf 82' lang='grc' dir='ltr'><strong><em>πλατάνῳ</em></strong></span> 
     </span>
     <span class='ocr_line' id='line_1_13' title="bbox 312 2048 1475 2131; baseline 0.003 -21"><span class='ocrx_word' id='word_1_107' title='bbox 312 2050 458 2117; x_wconf 83' lang='grc' dir='ltr'><strong><em>καλοῦσι</em></strong></span> <span class='ocrx_word' id='word_1_108' title='bbox 479 2048 674 2113; x_wconf 79' lang='grc' dir='ltr'><strong><em>Μενελαΐδα.</em></strong></span> <span class='ocrx_word' id='word_1_109' title='bbox 707 2049 749 2110; x_wconf 75' lang='lat' dir='ltr'><strong><em>El</em></strong></span> <span class='ocrx_word' id='word_1_110' title='bbox 771 2049 805 2111; x_wconf 82' lang='grc' dir='ltr'><strong><em>ὅέ</em></strong></span> <span class='ocrx_word' id='word_1_111' title='bbox 828 2049 998 2130; x_wconf 78' lang='grc' dir='ltr'><strong><em>Ἑλλήνων</em></strong></span> <span class='ocrx_word' id='word_1_112' title='bbox 1016 2056 1079 2123; x_wconf 85' lang='grc' dir='ltr'><strong><em>τοῖς</em></strong></span> <span class='ocrx_word' id='word_1_113' title='bbox 1097 2052 1205 2131; x_wconf 82' lang='grc' dir='ltr'><strong><em>λόγοις</em></strong></span> <span class='ocrx_word' id='word_1_114' title='bbox 1227 2052 1385 2130; x_wconf 80' lang='grc' dir='ltr'><strong><em>ἑπόμενον</em></strong></span> <span class='ocrx_word' id='word_1_115' title='bbox 1406 2074 1475 2114; x_wconf 89' lang='grc' dir='ltr'><strong><em>κατ-</em></strong></span> 
     </span>
     <span class='ocr_line' id='line_1_14' title="bbox 313 2165 1516 2259; baseline 0.002 -23"><span class='ocrx_word' id='word_1_116' title='bbox 313 2177 562 2259; x_wconf 73' lang='grc' dir='ltr'><strong><em>αριθμήσασθαι</em></strong></span> <span class='ocrx_word' id='word_1_117' title='bbox 586 2174 633 2238; x_wconf 83' lang='grc' dir='ltr'><strong><em>άεῖ</em></strong></span> <span class='ocrx_word' id='word_1_118' title='bbox 652 2196 694 2254; x_wconf 91' lang='grc' dir='ltr'><strong><em>με</em></strong></span> <span class='ocrx_word' id='word_1_119' title='bbox 712 2176 817 2236; x_wconf 85' lang='grc' dir='ltr'><strong><em>ὁπόσα</em></strong></span> <span class='ocrx_word' id='word_1_120' title='bbox 828 2173 943 2257; x_wconf 81' lang='grc' dir='ltr'><strong><em>ὁένὸρα</em></strong></span> <span class='ocrx_word' id='word_1_121' title='bbox 955 2180 1024 2237; x_wconf 85' lang='grc' dir='ltr'><strong><em>σῶα</em></strong></span> <span class='ocrx_word' id='word_1_122' title='bbox 1035 2176 1079 2237; x_wconf 82' lang='grc' dir='ltr'><strong><em>ἔτι</em></strong></span> <span class='ocrx_word' id='word_1_123' title='bbox 1089 2181 1144 2237; x_wconf 91' lang='grc' dir='ltr'><strong><em>καί</em></strong></span> <span class='ocrx_word' id='word_1_124' title='bbox 1155 2175 1313 2255; x_wconf 82' lang='grc' dir='ltr'><strong><em>τεθηλότα</em></strong></span> <span class='ocrx_word' id='word_1_125' title='bbox 1324 2176 1475 2253; x_wconf 80' lang='grc' dir='ltr'><strong><em>λείπεται,</em></strong></span> <span class='ocrx_word' id='word_1_126' title='bbox 1511 2165 1516 2178; x_wconf 63' lang='grc'><em>“</em></span> 
     </span>
     <span class='ocr_line' id='line_1_15' title="bbox 312 2298 1475 2382; baseline 0.001 -20"><span class='ocrx_word' id='word_1_127' title='bbox 312 2301 527 2382; x_wconf 81' lang='grc' dir='ltr'><strong><em>πρεσβύτατον</em></strong></span> <span class='ocrx_word' id='word_1_128' title='bbox 556 2305 616 2379; x_wconf 86' lang='grc' dir='ltr'><strong><em>μέν</em></strong></span> <span class='ocrx_word' id='word_1_129' title='bbox 646 2304 667 2380; x_wconf 76' lang='grc' dir='ltr'><em>ἡ</em></span> <span class='ocrx_word' id='word_1_130' title='bbox 696 2301 792 2380; x_wconf 80' lang='grc' dir='ltr'><strong><em>λύγος</em></strong></span> <span class='ocrx_word' id='word_1_131' title='bbox 821 2303 905 2361; x_wconf 79' lang='grc' dir='ltr'><strong><em>ἐστίν</em></strong></span> <span class='ocrx_word' id='word_1_132' title='bbox 928 2303 1074 2379; x_wconf 76' lang='grc' dir='ltr'><strong><em>αὐτῶνῆ</em></strong></span> <span class='ocrx_word' id='word_1_133' title='bbox 1097 2301 1195 2379; x_wconf 83' lang='grc' dir='ltr'><strong><em>ἐντῷ</em></strong></span> <span class='ocrx_word' id='word_1_134' title='bbox 1218 2298 1354 2379; x_wconf 82' lang='grc' dir='ltr'><strong><em>Σαμίων</em></strong></span> <span class='ocrx_word' id='word_1_135' title='bbox 1377 2323 1475 2381; x_wconf 84' lang='grc' dir='ltr'><strong><em>πεφυ·</em></strong></span> 
     </span>
     <span class='ocr_line' id='line_1_16' title="bbox 312 2420 1476 2508; baseline 0.001 -22"><span class='ocrx_word' id='word_1_136' title='bbox 312 2431 387 2488; x_wconf 82' lang='grc' dir='ltr'><strong><em>κοῖα</em></strong></span> <span class='ocrx_word' id='word_1_137' title='bbox 410 2429 483 2507; x_wconf 85' lang='grc' dir='ltr'><strong><em>ίερῷ</em></strong></span> <span class='ocrx_word' id='word_1_138' title='bbox 508 2420 630 2508; x_wconf 84' lang='grc' dir='ltr'><strong><em>Ἥρας,</em></strong></span> <span class='ocrx_word' id='word_1_139' title='bbox 653 2430 733 2504; x_wconf 83' lang='grc' dir='ltr'><strong><em>μετὰ</em></strong></span> <span class='ocrx_word' id='word_1_140' title='bbox 755 2423 789 2485; x_wconf 81' lang='grc' dir='ltr'><strong><em>ὁέ</em></strong></span> <span class='ocrx_word' id='word_1_141' title='bbox 812 2428 910 2504; x_wconf 78' lang='grc' dir='ltr'><strong><em>αὐτὴν</em></strong></span> <span class='ocrx_word' id='word_1_142' title='bbox 931 2429 952 2504; x_wconf 78' lang='grc' dir='ltr'><strong><em>ἡ</em></strong></span> <span class='ocrx_word' id='word_1_143' title='bbox 974 2428 1009 2486; x_wconf 88' lang='grc' dir='ltr'><strong><em>έν</em></strong></span> <span class='ocrx_word' id='word_1_144' title='bbox 1033 2422 1166 2507; x_wconf 76' lang='grc' dir='ltr'><strong><em>Δωδώνῃ</em></strong></span> <span class='ocrx_word' id='word_1_145' title='bbox 1189 2423 1279 2507; x_wconf 56' lang='lat' dir='ltr'><strong>opos,</strong></span> <span class='ocrx_word' id='word_1_146' title='bbox 1303 2432 1358 2487; x_wconf 88' lang='grc' dir='ltr'><strong><em>καί</em></strong></span> <span class='ocrx_word' id='word_1_147' title='bbox 1379 2426 1476 2487; x_wconf 80' lang='grc' dir='ltr'><strong><em>ἐλαία</em></strong></span> 
     </span>
     <span class='ocr_line' id='line_1_17' title="bbox 313 2548 1474 2635; baseline 0.002 -24"><span class='ocrx_word' id='word_1_148' title='bbox 313 2571 344 2612; x_wconf 92' lang='grc' dir='ltr'><strong><em>τε</em></strong></span> <span class='ocrx_word' id='word_1_149' title='bbox 366 2554 387 2630; x_wconf 76' lang='grc' dir='ltr'><em>ἡ</em></span> <span class='ocrx_word' id='word_1_150' title='bbox 408 2552 443 2613; x_wconf 83' lang='grc' dir='ltr'><strong><em>ἐν</em></strong></span> <span class='ocrx_word' id='word_1_151' title='bbox 466 2549 655 2633; x_wconf 87' lang='grc' dir='ltr'><strong><em>Ἀκροπόλει</em></strong></span> <span class='ocrx_word' id='word_1_152' title='bbox 677 2557 731 2614; x_wconf 88' lang='grc' dir='ltr'><strong><em>καί</em></strong></span> <span class='ocrx_word' id='word_1_153' title='bbox 754 2554 774 2630; x_wconf 72' lang='grc' dir='ltr'><strong><em>ἡ</em></strong></span> <span class='ocrx_word' id='word_1_154' title='bbox 796 2555 885 2633; x_wconf 87' lang='grc' dir='ltr'><strong><em>παρά</em></strong></span> <span class='ocrx_word' id='word_1_155' title='bbox 908 2549 1042 2632; x_wconf 81' lang='grc' dir='ltr'><strong><em>Δηλίοις·</em></strong></span> <span class='ocrx_word' id='word_1_156' title='bbox 1066 2554 1152 2634; x_wconf 85' lang='grc' dir='ltr'><strong><em>τρίτα</em></strong></span> <span class='ocrx_word' id='word_1_157' title='bbox 1176 2548 1209 2612; x_wconf 81' lang='grc' dir='ltr'><strong><em>δὲ</em></strong></span> <span class='ocrx_word' id='word_1_158' title='bbox 1232 2552 1325 2613; x_wconf 86' lang='grc' dir='ltr'><strong><em>ένεκα</em></strong></span> <span class='ocrx_word' id='word_1_159' title='bbox 1344 2553 1474 2635; x_wconf 82' lang='grc' dir='ltr'><strong><em>ἀρχαιό-</em></strong></span> 
     </span>
     <span class='ocr_line' id='line_1_18' title="bbox 313 2674 1475 2760; baseline -0.001 -23"><span class='ocrx_word' id='word_1_160' title='bbox 313 2697 399 2756; x_wconf 86' lang='grc' dir='ltr'><strong><em>τητος</em></strong></span> <span class='ocrx_word' id='word_1_161' title='bbox 432 2677 559 2755; x_wconf 80' lang='grc' dir='ltr'><strong><em>νέμοιεν</em></strong></span> <span class='ocrx_word' id='word_1_162' title='bbox 588 2678 630 2738; x_wconf 78' lang='grc' dir='ltr'><strong><em>ἂν</em></strong></span> <span class='ocrx_word' id='word_1_163' title='bbox 659 2683 696 2758; x_wconf 80' lang='grc' dir='ltr'><strong><em>τῇ</em></strong></span> <span class='ocrx_word' id='word_1_164' title='bbox 725 2675 830 2760; x_wconf 81' lang='grc' dir='ltr'><strong><em>ὁάφνῃ</em></strong></span> <span class='ocrx_word' id='word_1_165' title='bbox 859 2684 896 2758; x_wconf 81' lang='grc' dir='ltr'><strong><em>τῇ</em></strong></span> <span class='ocrx_word' id='word_1_166' title='bbox 924 2681 1013 2758; x_wconf 85' lang='grc' dir='ltr'><strong><em>παρὰ</em></strong></span> <span class='ocrx_word' id='word_1_167' title='bbox 1042 2679 1152 2756; x_wconf 84' lang='grc' dir='ltr'><strong><em>σφίσιν</em></strong></span> <span class='ocrx_word' id='word_1_168' title='bbox 1174 2679 1206 2737; x_wconf 85' lang='grc' dir='ltr'><strong><em>σί</em></strong></span> <span class='ocrx_word' id='word_1_169' title='bbox 1227 2674 1337 2758; x_wconf 85' lang='grc' dir='ltr'><strong><em>Σύροι·</em></strong></span> <span class='ocrx_word' id='word_1_170' title='bbox 1358 2683 1418 2739; x_wconf 90' lang='grc' dir='ltr'><strong><em>τῶν</em></strong></span> <span class='ocrx_word' id='word_1_171' title='bbox 1441 2674 1475 2736; x_wconf 81' lang='grc' dir='ltr'><strong><em>ὁέ</em></strong></span> 
     </span>
     <span class='ocr_line' id='line_1_19' title="bbox 313 2800 1109 2882; baseline 0.004 -22"><span class='ocrx_word' id='word_1_172' title='bbox 313 2800 427 2861; x_wconf 83' lang='grc' dir='ltr'><strong><em>ἄλλων</em></strong></span> <span class='ocrx_word' id='word_1_173' title='bbox 448 2804 469 2879; x_wconf 77' lang='grc' dir='ltr'><strong><em>ἡ</em></strong></span> <span class='ocrx_word' id='word_1_174' title='bbox 491 2800 653 2875; x_wconf 85' lang='grc' dir='ltr'><strong><em>πλάτανός</em></strong></span> <span class='ocrx_word' id='word_1_175' title='bbox 676 2802 760 2864; x_wconf 83' lang='grc' dir='ltr'><strong><em>ἐστιν</em></strong></span> <span class='ocrx_word' id='word_1_176' title='bbox 783 2804 861 2882; x_wconf 88' lang='grc' dir='ltr'><strong><em>αίίτη</em></strong></span> <span class='ocrx_word' id='word_1_177' title='bbox 883 2801 1109 2863; x_wconf 86' lang='grc' dir='ltr'><strong><em>παλαιότατον.</em></strong></span> 
     </span>
    </p>

    <p class='ocr_par' dir='ltr' id='par_1_6' title="bbox 313 2917 1474 3237">
     <span class='ocr_line' id='line_1_20' title="bbox 357 2917 1473 3007; baseline 0.001 -21"><span class='ocrx_word' id='word_1_178' title='bbox 357 2918 406 2986; x_wconf 83' lang='lat' dir='ltr'><strong><em>Cf.</em></strong></span> <span class='ocrx_word' id='word_1_179' title='bbox 439 2918 611 3007; x_wconf 89' lang='lat' dir='ltr'><strong>Theophr.</strong></span> <span class='ocrx_word' id='word_1_180' title='bbox 644 2919 685 2986; x_wconf 90' lang='lat' dir='ltr'><strong><em>H.</em></strong></span> <span class='ocrx_word' id='word_1_181' title='bbox 719 2920 756 2987; x_wconf 87' lang='lat' dir='ltr'><strong><em>P.</em></strong></span> <span class='ocrx_word' id='word_1_182' title='bbox 783 2919 828 2988; x_wconf 88' lang='lat' dir='ltr'><strong><em>IV</em></strong></span> <span class='ocrx_word' id='word_1_183' title='bbox 852 2917 914 3005; x_wconf 80' lang='lat'><strong><em>13,</em></strong></span> <span class='ocrx_word' id='word_1_184' title='bbox 937 2918 959 2986; x_wconf 76' lang='grc'>2</span> <span class='ocrx_word' id='word_1_185' title='bbox 983 2919 1076 3006; x_wconf 87' lang='lat' dir='ltr'><strong>(vide</strong></span> <span class='ocrx_word' id='word_1_186' title='bbox 1100 2940 1204 3007; x_wconf 88' lang='lat' dir='ltr'><strong>supra</strong></span> <span class='ocrx_word' id='word_1_187' title='bbox 1228 2919 1292 2987; x_wconf 86' lang='lat' dir='ltr'><strong><em>sub</em></strong></span> <span class='ocrx_word' id='word_1_188' title='bbox 1315 2918 1362 3006; x_wconf 84' lang='lat' dir='ltr'><strong><em>I),</em></strong></span> <span class='ocrx_word' id='word_1_189' title='bbox 1386 2919 1473 2987; x_wconf 89' lang='lat' dir='ltr'><strong>Plin.</strong></span> 
     </span>
     <span class='ocr_line' id='line_1_21' title="bbox 315 3041 1474 3133; baseline 0.002 -24"><span class='ocrx_word' id='word_1_190' title='bbox 315 3042 355 3109; x_wconf 91' lang='lat' dir='ltr'><strong><em>H.</em></strong></span> <span class='ocrx_word' id='word_1_191' title='bbox 379 3042 422 3110; x_wconf 88' lang='lat' dir='ltr'><strong><em>N.</em></strong></span> <span class='ocrx_word' id='word_1_192' title='bbox 445 3043 525 3110; x_wconf 85' lang='lat' dir='ltr'><strong><em>XVI</em></strong></span> <span class='ocrx_word' id='word_1_193' title='bbox 548 3041 609 3129; x_wconf 81' lang='lat'><strong><em>88,</em></strong></span> <span class='ocrx_word' id='word_1_194' title='bbox 634 3044 694 3132; x_wconf 92' lang='lat' dir='ltr'><strong><em>qui</em></strong></span> <span class='ocrx_word' id='word_1_195' title='bbox 718 3043 808 3111; x_wconf 88' lang='lat' dir='ltr'><strong>hanc</strong></span> <span class='ocrx_word' id='word_1_196' title='bbox 831 3044 990 3112; x_wconf 80' lang='lat' dir='ltr'><strong>arborem</strong></span> <span class='ocrx_word' id='word_1_197' title='bbox 1014 3042 1058 3111; x_wconf 91' lang='lat' dir='ltr'><strong><em>ab</em></strong></span> <span class='ocrx_word' id='word_1_198' title='bbox 1084 3043 1343 3133; x_wconf 81' lang='lat' dir='ltr'><strong>Agamemnone</strong></span> <span class='ocrx_word' id='word_1_199' title='bbox 1362 3048 1474 3111; x_wconf 85' lang='lat' dir='ltr'><strong>satam</strong></span> 
     </span>
     <span class='ocr_line' id='line_1_22' title="bbox 313 3167 541 3237; baseline 0 -3"><span class='ocrx_word' id='word_1_200' title='bbox 313 3188 387 3236; x_wconf 85' lang='lat' dir='ltr'><strong>esse</strong></span> <span class='ocrx_word' id='word_1_201' title='bbox 410 3167 541 3237; x_wconf 85' lang='lat' dir='ltr'><strong>dicunt.</strong></span> 
     </span>
    </p>
   </div>
   <div class='ocr_carea' id='block_1_5' title="bbox 250 3378 1475 3721">
    <p class='ocr_par' dir='ltr' id='par_1_7' title="bbox 250 3378 1475 3721">
     <span class='ocr_line' id='line_1_23' title="bbox 250 3378 1474 3472; baseline 0.001 -24"><span class='ocrx_word' id='word_1_202' title='bbox 250 3394 252 3399; x_wconf 83' lang='lat'>&#39;</span> <span class='ocrx_word' id='word_1_203' title='bbox 357 3379 458 3469; x_wconf 69' lang='lat' dir='ltr'><strong>§raa</strong></span> <span class='ocrx_word' id='word_1_204' title='bbox 474 3379 867 3472; x_wconf 76' lang='lat' dir='ltr'><strong>[3].Heracleae,1n</strong></span> <span class='ocrx_word' id='word_1_205' title='bbox 877 3381 963 3450; x_wconf 88' lang='lat' dir='ltr'><strong>urbe</strong></span> <span class='ocrx_word' id='word_1_206' title='bbox 973 3381 1074 3449; x_wconf 87' lang='lat' dir='ltr'><strong>Ponti</strong></span> <span class='ocrx_word' id='word_1_207' title='bbox 1083 3380 1299 3471; x_wconf 80' lang='grc' dir='ltr'><strong><em>(Ἡρακλέους</em></strong></span> <span class='ocrx_word' id='word_1_208' title='bbox 1307 3378 1474 3472; x_wconf 88' lang='lat' dir='ltr'><strong>arbores).&#39;</strong></span> 
     </span>
     <span class='ocr_line' id='line_1_24' title="bbox 358 3504 1475 3593; baseline 0.001 -20"><span class='ocrx_word' id='word_1_209' title='bbox 358 3505 444 3573; x_wconf 87' lang='lat' dir='ltr'><strong>Plin.</strong></span> <span class='ocrx_word' id='word_1_210' title='bbox 469 3507 511 3573; x_wconf 93' lang='lat' dir='ltr'><strong><em>H.</em></strong></span> <span class='ocrx_word' id='word_1_211' title='bbox 536 3507 578 3574; x_wconf 93' lang='lat' dir='ltr'><strong><em>N.</em></strong></span> <span class='ocrx_word' id='word_1_212' title='bbox 603 3506 682 3574; x_wconf 88' lang='lat' dir='ltr'><strong><em>XVI</em></strong></span> <span class='ocrx_word' id='word_1_213' title='bbox 706 3504 759 3574; x_wconf 82' lang='lat'><strong><em>89.</em></strong></span> <span class='ocrx_word' id='word_1_214' title='bbox 783 3506 824 3574; x_wconf 93' lang='lat' dir='ltr'><strong><em>In</em></strong></span> <span class='ocrx_word' id='word_1_215' title='bbox 848 3507 959 3593; x_wconf 77' lang='lat' dir='ltr'><strong>Ponto</strong></span> <span class='ocrx_word' id='word_1_216' title='bbox 978 3507 1070 3574; x_wconf 89' lang='lat' dir='ltr'><strong>eirca</strong></span> <span class='ocrx_word' id='word_1_217' title='bbox 1084 3505 1286 3574; x_wconf 79' lang='lat' dir='ltr'><strong>Heracleam</strong></span> <span class='ocrx_word' id='word_1_218' title='bbox 1300 3528 1380 3575; x_wconf 89' lang='lat' dir='ltr'><strong>arae</strong></span> <span class='ocrx_word' id='word_1_219' title='bbox 1393 3512 1475 3575; x_wconf 82' lang='lat' dir='ltr'><strong>sunt</strong></span> 
     </span>
     <span class='ocr_line' id='line_1_25' title="bbox 313 3630 1472 3721; baseline 0 -23"><span class='ocrx_word' id='word_1_220' title='bbox 313 3630 403 3699; x_wconf 88' lang='lat' dir='ltr'><strong>lovis</strong></span> <span class='ocrx_word' id='word_1_221' title='bbox 426 3632 547 3700; x_wconf 78' lang='lat' dir='ltr'><strong>Str-atii</strong></span> <span class='ocrx_word' id='word_1_222' title='bbox 567 3632 786 3721; x_wconf 81' lang='lat' dir='ltr'><strong>cognomine:</strong></span> <span class='ocrx_word' id='word_1_223' title='bbox 810 3631 858 3700; x_wconf 90' lang='lat' dir='ltr'><strong><em>ibi</em></strong></span> <span class='ocrx_word' id='word_1_224' title='bbox 879 3652 1028 3720; x_wconf 86' lang='lat' dir='ltr'><strong>quercus</strong></span> <span class='ocrx_word' id='word_1_225' title='bbox 1047 3632 1136 3700; x_wconf 86' lang='lat' dir='ltr'><strong>duae</strong></span> <span class='ocrx_word' id='word_1_226' title='bbox 1149 3630 1192 3699; x_wconf 88' lang='lat' dir='ltr'><strong><em>ah</em></strong></span> <span class='ocrx_word' id='word_1_227' title='bbox 1207 3631 1354 3700; x_wconf 82' lang='lat' dir='ltr'><strong>Hercule</strong></span> <span class='ocrx_word' id='word_1_228' title='bbox 1367 3636 1472 3699; x_wconf 83' lang='lat' dir='ltr'><strong>satae.</strong></span> 
     </span>
    </p>
   </div>
   <div class='ocr_carea' id='block_1_6' title="bbox 358 3845 1333 3934">
    <p class='ocr_par' dir='ltr' id='par_1_8' title="bbox 358 3845 1333 3934">
     <span class='ocr_line' id='line_1_26' title="bbox 358 3845 1333 3934; baseline 0.003 -24"><span class='ocrx_word' id='word_1_229' title='bbox 358 3845 392 3933; x_wconf 83' lang='lat' dir='ltr'><strong><em>b)</em></strong></span> <span class='ocrx_word' id='word_1_230' title='bbox 417 3845 470 3912; x_wconf 77' lang='lat' dir='ltr'><strong><em>Dc</em></strong></span> <span class='ocrx_word' id='word_1_231' title='bbox 495 3862 768 3930; x_wconf 68' lang='lat' dir='ltr'><strong>orcomenam</strong></span> <span class='ocrx_word' id='word_1_232' title='bbox 793 3862 942 3913; x_wconf 72' lang='lat' dir='ltr'><strong>noanon</strong></span> <span class='ocrx_word' id='word_1_233' title='bbox 965 3862 1159 3914; x_wconf 71' lang='lat' dir='ltr'><strong>saracems</strong></span> <span class='ocrx_word' id='word_1_234' title='bbox 1181 3863 1279 3915; x_wconf 82' lang='lat' dir='ltr'><strong>sarrs</strong></span> <span class='ocrx_word' id='word_1_235' title='bbox 1293 3847 1333 3934; x_wconf 83' lang='lat'><strong><em>1).</em></strong></span> 
     </span>
    </p>
   </div>
   <div class='ocr_carea' id='block_1_7' title="bbox 358 4029 1472 4247">
    <p class='ocr_par' dir='ltr' id='par_1_9' title="bbox 358 4029 1472 4247">
     <span class='ocr_line' id='line_1_27' title="bbox 358 4029 1097 4122; baseline 0.004 -25"><span class='ocrx_word' id='word_1_236' title='bbox 358 4031 375 4120; x_wconf 65' lang='grc' dir='ltr'><em>ξ</em></span> <span class='ocrx_word' id='word_1_237' title='bbox 397 4029 472 4097; x_wconf 77' lang='lat'><strong><em>128.</em></strong></span> <span class='ocrx_word' id='word_1_238' title='bbox 498 4030 564 4122; x_wconf 76' lang='lat' dir='ltr'><strong><em>[IJ.</em></strong></span> <span class='ocrx_word' id='word_1_239' title='bbox 587 4031 780 4121; x_wconf 87' lang='lat' dir='ltr'><strong>(Menoecei</strong></span> <span class='ocrx_word' id='word_1_240' title='bbox 803 4031 916 4099; x_wconf 85' lang='lat' dir='ltr'><strong>malus</strong></span> <span class='ocrx_word' id='word_1_241' title='bbox 936 4032 1097 4115; x_wconf 79' lang='lat' dir='ltr'><strong><em>Punica).</em></strong></span> 
     </span>
     <span class='ocr_line' id='line_1_28' title="bbox 358 4154 1472 4247; baseline 0.006 -25"><span class='ocrx_word' id='word_1_242' title='bbox 358 4155 459 4223; x_wconf 80' lang='lat' dir='ltr'><strong>PaUS.</strong></span> <span class='ocrx_word' id='word_1_243' title='bbox 494 4155 543 4222; x_wconf 87' lang='lat' dir='ltr'><strong><em>IX</em></strong></span> <span class='ocrx_word' id='word_1_244' title='bbox 576 4154 638 4237; x_wconf 75' lang='lat'><strong><em>25,</em></strong></span> <span class='ocrx_word' id='word_1_245' title='bbox 671 4155 701 4224; x_wconf 85' lang='lat' dir='ltr'><strong><em>I.</em></strong></span> <span class='ocrx_word' id='word_1_246' title='bbox 741 4163 803 4226; x_wconf 82' lang='grc' dir='ltr'><strong><em>Τοῦ</em></strong></span> <span class='ocrx_word' id='word_1_247' title='bbox 837 4162 871 4224; x_wconf 83' lang='grc' dir='ltr'><strong><em>δέ</em></strong></span> <span class='ocrx_word' id='word_1_248' title='bbox 904 4162 1086 4237; x_wconf 76' lang='grc' dir='ltr'><strong><em>Μενοικέως</em></strong></span> <span class='ocrx_word' id='word_1_249' title='bbox 1119 4166 1291 4244; x_wconf 79' lang='grc' dir='ltr'><strong><em>ἐπιπέφυκε</em></strong></span> <span class='ocrx_word' id='word_1_250' title='bbox 1325 4169 1398 4247; x_wconf 80' lang='grc' dir='ltr'><strong><em>ῥοιὰ</em></strong></span> <span class='ocrx_word' id='word_1_251' title='bbox 1430 4172 1472 4247; x_wconf 86' lang='grc' dir='ltr'><strong><em>τῷ</em></strong></span> 
     </span>
    </p>
   </div>
   <div class='ocr_carea' id='block_1_8' title="bbox 314 4368 1471 4543">
    <p class='ocr_par' dir='ltr' id='par_1_10' title="bbox 314 4368 1471 4543">
     <span class='ocr_line' id='line_1_29' title="bbox 351 4368 1471 4452; baseline 0.001 -18"><span class='ocrx_word' id='word_1_252' title='bbox 351 4380 372 4452; x_wconf 89' lang='lat'><strong><em>¹)</em></strong></span> <span class='ocrx_word' id='word_1_253' title='bbox 389 4381 481 4435; x_wconf 81' lang='lat' dir='ltr'><strong>Minus</strong></span> <span class='ocrx_word' id='word_1_254' title='bbox 497 4368 574 4436; x_wconf 75' lang='lat' dir='ltr'><strong><em>¹reete</em></strong></span> <span class='ocrx_word' id='word_1_255' title='bbox 592 4381 702 4449; x_wconf 84' lang='lat' dir='ltr'><strong>Rhode,</strong></span> <span class='ocrx_word' id='word_1_256' title='bbox 721 4382 827 4451; x_wconf 81' lang='lat' dir='ltr'><strong>Psyche</strong></span> <span class='ocrx_word' id='word_1_257' title='bbox 847 4383 861 4434; x_wconf 95' lang='lat' dir='ltr'>I</span> <span class='ocrx_word' id='word_1_258' title='bbox 882 4385 949 4438; x_wconf 72' lang='lat'><strong><em>2302</em></strong></span> <span class='ocrx_word' id='word_1_259' title='bbox 969 4381 1272 4451; x_wconf 82' lang='lat' dir='ltr'><strong>„Baumpflanzungen‚</strong></span> <span class='ocrx_word' id='word_1_260' title='bbox 1285 4382 1330 4435; x_wconf 89' lang='lat' dir='ltr'><strong><em>die</em></strong></span> <span class='ocrx_word' id='word_1_261' title='bbox 1340 4383 1388 4435; x_wconf 87' lang='lat' dir='ltr'><strong><em>das</em></strong></span> <span class='ocrx_word' id='word_1_262' title='bbox 1398 4382 1471 4435; x_wconf 82' lang='lat' dir='ltr'><strong>Grab</strong></span> 
     </span>
     <span class='ocr_line' id='line_1_30' title="bbox 314 4471 1471 4543; baseline 0 -18"><span class='ocrx_word' id='word_1_263' title='bbox 314 4471 462 4543; x_wconf 85' lang='lat' dir='ltr'><strong>umgeban‚</strong></span> <span class='ocrx_word' id='word_1_264' title='bbox 490 4472 589 4526; x_wconf 78' lang='lat' dir='ltr'><strong>sollten</strong></span> <span class='ocrx_word' id='word_1_265' title='bbox 613 4472 667 4526; x_wconf 90' lang='lat' dir='ltr'><strong><em>den</em></strong></span> <span class='ocrx_word' id='word_1_266' title='bbox 696 4471 827 4526; x_wconf 82' lang='lat' dir='ltr'><strong>Seelohen</strong></span> <span class='ocrx_word' id='word_1_267' title='bbox 855 4472 896 4526; x_wconf 84' lang='lat' dir='ltr'><strong><em>ala</em></strong></span> <span class='ocrx_word' id='word_1_268' title='bbox 923 4474 1035 4526; x_wconf 81' lang='lat' dir='ltr'><strong>Lustort</strong></span> <span class='ocrx_word' id='word_1_269' title='bbox 1053 4471 1184 4539; x_wconf 85' lang='lat' dir='ltr'><strong>dienen”3</strong></span> <span class='ocrx_word' id='word_1_270' title='bbox 1203 4488 1251 4541; x_wconf 85' lang='lat' dir='ltr'><strong><em>per</em></strong></span> <span class='ocrx_word' id='word_1_271' title='bbox 1271 4475 1359 4526; x_wconf 78' lang='lat' dir='ltr'><strong>totum</strong></span> <span class='ocrx_word' id='word_1_272' title='bbox 1378 4472 1471 4526; x_wconf 90' lang='lat' dir='ltr'><strong>orbem</strong></span> 
     </span>
    </p>
   </div>
   <div class='ocr_carea' id='block_1_9' title="bbox 0 0 1726 5173">
    <p class='ocr_par' dir='ltr' id='par_1_11' title="bbox 0 0 1726 5173">
     <span class='ocr_line' id='line_1_31' title="bbox 0 0 1726 5173; baseline 0 0"><span class='ocrx_word' id='word_1_273' title='bbox 0 0 1726 5173; x_wconf 95' lang='lat' dir='ltr'><strong><em> </em></strong></span> 
     </span>
    </p>
   </div>
  </div>
 </body>
</html>
