3442 5175
786 376 851 444 757

231 581 404 662 πρόσωπον
443 577 697 641 ύιαπλοίττονται.
738 580 972 662 Ἀριστοφάνης·
1008 586 1063 641 καί
1096 582 1181 641 κύων
1216 579 1401 661 ἀκράχολος

233 701 365 782 Ἑκάτης
389 702 523 781 ἄγαλμα
547 706 720 784 φωσφόρου
743 706 926 781 γενήσομαι.

277 819 462 906 Zacynthi,
487 820 523 885 in
544 818 630 887 urbe
650 819 835 905 Thraciae,
856 839 959 886 canes
980 824 1097 907 Ἑκάτῃ
1117 817 1403 887 sacrificabantur

232 939 361 1028 (Schol.
394 940 455 1008 Ar.
486 942 565 1009 Pac.
596 940 696 1029 277);
729 941 879 1029 catuli1)
911 941 1022 1009 eidem
1048 942 1133 1009 deae
1156 943 1402 1012 mactabantur

229 1064 446 1154 Colophone,
477 1067 513 1133 in
544 1066 630 1134 urbe
661 1060 778 1134 Ioniae
810 1068 927 1155 (Paus.
959 1065 1401 1154 11114‚9);1unan.0r.

231 1189 261 1255 V
297 1210 330 1278 p.
369 1187 451 1257 176:
490 1200 587 1269 κύνας
618 1201 692 1269 ἴσως
721 1196 882 1278 Ἕλληνες
913 1196 1030 1279 Ἑκάτῃ
1059 1198 1198 1271 θύουσα·
1230 1191 1401 1279 Lycophr.

231 1311 291 1378 77:
324 1322 533 1399 κυνοσφάγος.
560 1314 609 1380 Cf.
635 1314 779 1383 Lucian.
805 1314 1029 1402 Philopseud.
1054 1313 1114 1398 44,
1140 1314 1246 1403 Orph.
1273 1315 1401 1401 Argon.

230 1433 297 1500 977
323 1435 458 1524 (Abel);
484 1437 562 1504 vide
586 1437 740 1504 Roscher
763 1437 809 1503 M.
834 1437 872 1502 L.
893 1437 908 1503 Ι
934 1436 1037 1517 1894,
1064 1436 1225 1520 1147073
1250 1438 1400 1518 Usener,

231 1533 355 1628 nien.
382 1561 469 1628 uus.
495 1560 612 1628 rann
635 1560 712 1628 335.

276 1878 337 1946 Vl.
379 1878 430 1945 Dc
473 1880 676 1947 simulacris
718 1880 971 1961 quodammodo
1014 1879 1222 1946 animalium
1264 1880 1401 1946 cultum

231 2004 489 2073 redolentibus.

276 2217 294 2305 ξ
313 2216 389 2284 268.
408 2216 474 2307 [1].
495 2217 710 2298 Coronae,
732 2218 769 2284 iu
783 2216 869 2284 urbe
882 2215 1074 2283 Messeniae
1086 2218 1243 2300 (Ἀθηνᾶς
1256 2215 1400 2299 cornix).

277 2342 378 2409 Paus.
410 2340 457 2408 IV
488 2339 550 2422 34,
580 2339 603 2406 5
626 2345 661 2407 ei
683 2339 715 2406 6.
738 2347 863 2426 λέγεται
887 2346 921 2407 δὲ
943 2352 997 2407 καί
1021 2348 1124 2427 ἕτερος
1146 2344 1257 2423 λόγος,
1282 2347 1323 2415 ὡς
1346 2348 1400 2404 τού

231 2476 353 2552 τείχους
382 2476 420 2533 τὰ
450 2471 592 2550 θεμέλια
621 2474 807 2553 ὀρύσσοντες
836 2472 1016 2549 ἐπιτύχοιεν
1038 2471 1162 2550 κορώνῃ
1183 2469 1291 2548 χαλκῇ
1304 2514 1398 2526 .....

230 2597 376 2677 χαλκούν
406 2596 440 2656 rii
470 2602 524 2658 καί
547 2598 582 2656 ἐν
605 2595 780 2677 ἀκροπόλει
804 2601 855 2673 τῆς
883 2593 1023 2674 Ἀθηνᾶς
1046 2598 1079 2654 τό
1102 2593 1237 2672 ἄγαλμά
1259 2594 1343 2652 ἐστιν
1366 2594 1400 2651 ἐν

231 2720 399 2802 ύπαίθρῳ,
423 2722 567 2802 κορώνην
590 2720 624 2779 ἐν
648 2725 684 2799 τῇ
705 2725 788 2800 χειρί
811 2720 940 2798 ἔχουσα.

275 2960 293 3047 ἕ
321 2958 396 3026 269.
423 2958 489 3049 [2].
515 2957 563 3024 ln
588 2964 733 3025 monte
758 2958 950 3037 Euboea,
974 2955 1021 3021 ad
1048 2955 1254 3042 Mycenas
1278 2955 1400 3042 (Ἥρας

232 3083 401 3172 cuculus).

276 3207 376 3274 PauS.
401 3205 433 3272 ll
461 3205 523 3291 77,
546 3205 578 3273 4.
602 3215 740 3291 κόκκυγα
763 3210 797 3272 tii
819 3213 871 3272 ἐπί
895 3215 936 3289 τῷ
958 3213 1103 3292 σκήπτρῳ
1125 3180 1297 3288 καθῆσθαί
1320 3228 1399 3286 φασι

232 3336 294 3415 (τῆς
323 3332 455 3419 Ἥρας),
487 3336 631 3415 λέγοντες
662 3340 716 3396 τόν
747 3334 822 3409 Δία,
856 3337 907 3395 ὅτε
929 3336 992 3415 ἦρα
1015 3333 1182 3414 παρθένου
1204 3338 1256 3409 τῆς
1277 3318 1398 3411 Ἥρας,

231 3461 263 3530 ἐς
285 3464 393 3521 τοῦτον
416 3463 470 3520 τόν
493 3459 612 3541 ὄρνιθα
636 3459 837 3537 ἀλλαγῆναι,
862 3463 918 3536 τὴν
942 3455 976 3517 tii
998 3460 1052 3517 όίτε
1074 3460 1224 3535 παίγνιον
1242 3456 1396 3536 ύιγροίσαι.

276 3698 392 3784 5270.
418 3697 483 3788 [3].
508 3699 741 3786 Tanagrae
766 3703 906 3787 (Ἑρμοῦ
929 3695 1045 3783 aries).

276 3822 378 3889 PauS.
397 3820 446 3887 IX
470 3820 532 3905 22,
555 3820 586 3888 7.
614 3827 666 3901 Ἐς
685 3827 719 3889 δὲ
738 3833 793 3889 τού
812 3827 935 3911 Ἑρμοῦ
954 3831 991 3887 τὰ
1012 3830 1082 3908 ἱερὰ
1101 3831 1156 3887 τοῦ
1168 3847 1199 3885 τε
1211 3823 1399 3907 Κριοφόρου
1511 3908 1513 3911 v

230 3959 285 4013 καί
318 3954 356 4013 ὃν
384 3950 566 4033 Πρόμαχον
588 3952 742 4027 καλοῦσι,
766 3958 821 4013 τοῦ
843 3955 904 4030 μὲν
926 3954 958 4022 ἐς
980 3955 1035 4028 τὴν
1058 3950 1226 4030 ἐπίκλησιν
1248 3950 1399 4028 λέγουσιν

231 4077 273 4146 ὡς
306 4077 324 4135 ό
358 4070 477 4157 (Ερμῆς
507 4079 617 4154 σφίσιν
647 4076 827 4156 ἀποτρέψαι
856 4075 954 4136 νόσον
976 4071 1121 4152 λοιμώόη
1144 4078 1216 4155 περί
1239 4064 1273 4132 τό
1297 4077 1399 4150 τεῖχος

232 4290 443 4300 -—----—-.=

270 4437 289 4504 ¹)
307 4436 391 4508 Ἀρεῖ
408 4452 517 4505 quoque
537 4437 646 4491 catulus
665 4436 838 4491 mactabatur
858 4436 974 4506 Spartae
993 4438 1085 4504 (Pauo.
1105 4436 1153 4488 III
1173 4437 1220 4499 14,
1241 4435 1276 4502 9).
