3442 5175
900 399 966 471 244

399 596 545 666 Athenis
576 596 650 665 olea
681 597 898 665 sanctissima
928 602 963 664 et
995 598 1204 686 sempiterna
1233 599 1271 665 in
1301 599 1442 686 Ἀθηνᾶς
1474 606 1513 667 et

353 726 556 802 Ποσειόῶνος
585 723 773 790 certamine
803 722 846 789 ad
878 727 1003 791 nutum
1033 722 1189 791 divinum
1217 743 1235 790 e
1258 721 1328 790 solo
1350 743 1513 791 exsurre-

354 846 444 913 xisse
477 846 676 934 putabatur.
708 846 762 914 lta
792 846 922 914 multae
945 846 1084 914 arbores
1107 846 1179 914 sive
1202 847 1246 913 ad
1270 846 1350 913 deos
1372 847 1444 914 sive
1466 847 1513 913 ad

355 967 475 1037 heroes
508 970 682 1057 pertinere
716 971 1021 1056 existimabantur,
1051 970 1133 1038 olim
1163 975 1343 1058 tamquam
1367 970 1513 1038 deorum

354 1094 427 1161 sive
456 1096 650 1163 animorum
680 1096 878 1184 ignotorum
909 1096 1006 1165 sedes
1036 1095 1153 1162 divino
1184 1094 1312 1161 honore
1339 1093 1512 1182 dignatae.

399 1216 417 1306 ξ
444 1216 496 1286 lo.
527 1218 604 1286 Non
628 1217 728 1303 aliter
751 1220 953 1289 animalium
977 1218 1091 1288 cultus
1114 1218 1251 1306 saepius
1273 1218 1378 1310 variis
1400 1217 1514 1285 modis

354 1340 403 1408 ita
426 1340 680 1428 explicabatur,
704 1348 744 1410 ut
766 1342 930 1421 animalia
947 1343 1006 1411 illa
1024 1343 1101 1410 ideo
1121 1347 1259 1410 tanturn
1272 1341 1408 1408 adorari
1420 1341 1514 1408 vide-

355 1469 493 1548 rentur,
528 1463 620 1553 qnod
655 1465 697 1532 de
726 1465 790 1534 deo
813 1467 887 1534 sive
909 1467 1012 1535 heroe
1032 1466 1183 1555 quodam
1205 1465 1293 1533 bene
1315 1465 1438 1532 merita
1462 1486 1515 1532 es-

310 1625 312 1628 ·
354 1594 441 1658 sent.
475 1588 531 1656 Sic
566 1589 691 1657 Thebis
724 1591 952 1659 mustelarum
981 1591 1094 1659 cultus
1117 1590 1272 1679 vigebat,
1295 1595 1515 1678 posterorum

355 1713 514 1802 opinione
549 1712 679 1780 nullam
712 1715 815 1782 aliam
849 1716 893 1784 ob
927 1736 1084 1795 causam,
1120 1735 1226 1803 quam
1249 1714 1341 1803 quod
1364 1714 1515 1782 mustela

356 1843 553 1925 Ἡρακλέους
576 1837 695 1918 nutrix
710 1838 847 1924 fnisset,
872 1845 932 1907 aut
945 1819 1134 1907 Alcmenen
1147 1838 1397 1927 parturientem
1410 1837 1513 1904 adiu-

355 1960 461 2027 visset
474 1960 509 2048 1).
542 1959 682 2049 Delphis
714 1961 786 2051 lupi
816 1963 904 2030 sacri
935 1967 1052 2043 erant,
1083 1962 1165 2051 quia
1195 1960 1298 2050 lupus
1326 1961 1515 2029 indicasset

355 2082 415 2150 ubi
437 2104 492 2151 res
515 2104 658 2168 aureae,
682 2104 724 2151 ex
747 2085 953 2166 ’Λπόλλωνος
978 2084 1105 2173 templo
1128 2090 1324 2174 surreptae,
1344 2086 1381 2153 in
1394 2090 1514 2154 monte

356 2209 525 2277 Parnasso
548 2208 701 2276 defossae
724 2210 890 2296 essenti).
915 2209 1114 2295 Cretenses,
1138 2229 1269 2277 morem
1292 2209 1515 2277 sibiamaio-

355 2332 452 2400 ribus
482 2333 650 2401 traditum
673 2340 865 2415 servantes,
891 2355 969 2418 sues
992 2335 1132 2423 quidem
1156 2334 1428 2418 venerabantur,
1451 2336 1515 2403 sed

356 2455 432 2523 ideo
473 2461 611 2524 tantum
651 2458 687 2525 id
728 2458 803 2526 fieri
844 2459 1032 2548 putabant,
1075 2458 1168 2547 quod
1211 2480 1269 2527 sus
1303 2466 1351 2528 itu
1386 2459 1515 2527 infanti

356 2579 464 2649 ubera
493 2581 726 2670 praebuisset,
749 2589 784 2651 et
806 2583 1025 2672 grunniendo
1048 2582 1298 2673 prohibuisset,
1325 2584 1516 2673 quominus

357 2707 430 2774 eius
453 2708 590 2795 vagitus
613 2707 818 2776 audirentur
830 2709 868 2795 3).

400 2829 492 2920 550.
528 2832 622 2898 Haec
655 2832 811 2920 exempla
845 2853 887 2899 ex
921 2833 1070 2900 secundo
1100 2832 1157 2900 illo
1180 2853 1306 2921 genere
1329 2834 1516 2923 desumpta

357 2954 538 3023 sufficiant.
562 2955 674 3034 Quam
693 2957 900 3024 evanuerint
912 2955 1043 3045 priscae
1055 2955 1133 3024 illae
1146 2959 1406 3046 superstitiones
1418 2959 1516 3027 haud

357 3082 472 3148 minus
491 3080 684 3150 luculenter
704 3100 722 3147 e
741 3081 843 3147 tertio
864 3100 990 3168 genere
1009 3087 1169 3170 apparet3
1189 3080 1256 3148 alia
1269 3083 1361 3150 enim
1373 3103 1516 3171 quoque

357 3206 413 3272 via
436 3206 814 3295 antropomorphismus
838 3205 879 3272 ad
904 3205 1173 3274 dominationem
1190 3207 1364 3275 tendebat.

402 3451 437 3519 O.
462 3452 514 3519 Da
538 3470 663 3521 murro
687 3470 828 3520 annana
851 3472 889 3522 m
912 3454 930 3542 g
952 3453 997 3521 ll
1019 3471 1196 3522 morcaro,

402 3661 420 3750 ξ
449 3661 502 3729 51.
545 3664 674 3732 Mirum
716 3669 767 3732 est
808 3666 900 3732 viros
941 3665 1059 3733 doctos
1091 3665 1273 3733 nonnullos
1307 3665 1444 3756 hermas
1480 3674 1518 3736 et

358 3792 500 3855 truncos
532 3809 678 3878 persona
712 3794 817 3879 atque
851 3791 1004 3859 vestibus
1038 3795 1177 3857 ornatos
1210 3790 1387 3859 vinculum
1421 3792 1517 3859 inter
1606 3830 1610 3841 ·

358 3910 489 4001 lapides
518 3913 719 4001 stipitesque
746 3919 781 3980 et
802 3914 986 3982 simulacra
1010 3935 1150 4003 prorsus
1172 3915 1325 3982 humana
1347 3914 1517 3984 formasse

256 4073 260 4079 ·
358 4037 582 4125 pertinaciter
603 4058 738 4127 negare.
1491 4026 1494 4045 ἰ

397 4288 417 4355 ¹)
435 4288 495 4340 Ael.
515 4288 577 4340 Nat.
597 4288 688 4340 Anim.
708 4289 767 4341 XII
786 4292 811 4354 5,
832 4288 892 4340 vide
913 4286 971 4340 Lib.
992 4289 1022 4340 II
1044 4292 1057 4356 ἓ
1076 4292 1136 4341 216.

396 4376 416 4442 ²)
436 4377 495 4428 Ael.
516 4376 579 4429 Nat.
598 4377 690 4429 Anim.
711 4377 771 4428 XII
789 4381 832 4443 40,
853 4377 916 4428 vide
935 4377 995 4431 Lib.
1014 4379 1045 4429 ΙΙ
1065 4382 1078 4444 ξ
1098 4382 1157 4430 256.

396 4463 417 4535 ³)
436 4466 537 4517 Athen.
557 4466 600 4517 IX
620 4470 660 4532 18,
680 4466 742 4518 vide
762 4466 821 4518 Lib.
842 4465 873 4517 ΙΙ
894 4468 907 4531 ἕ
927 4469 986 4519 223.
