3442 5175
785 388 851 459 237

235 587 440 654 commutati
463 607 536 655 esse
560 593 595 654 et
614 607 735 655 sensus
754 586 926 654 humanos
946 586 1131 654 retinuisse
1151 586 1398 653 existimaban-

234 716 304 778 tur.
320 712 348 799 ¹)
373 710 506 789 Quibus
528 710 689 779 omnibus
711 710 890 799 perpensis
914 729 1032 791 nemo,
1051 710 1182 798 opinor,
1202 710 1398 798 negaverit,

235 833 389 923 lapidum
409 833 543 903 cultum
566 834 658 924 apud
683 834 876 902 Germanos
900 855 1005 922 quam
1024 835 1175 901 maxime
1193 833 1354 922 viguisse.

280 958 297 1048 ξ
320 957 373 1025 39.
398 959 518 1027 Restat
541 964 580 1028 ut
599 959 642 1027 de
655 958 1398 1048 Romanorumlitholatrialoquamur,quae

234 1083 371 1171 saepius
401 1105 421 1150 a
455 1083 681 1173 scriptoribus
701 1083 935 1173 significatur,
959 1089 994 1151 et
1017 1082 1158 1171 quidem
1181 1083 1275 1150 hisce
1298 1083 1398 1150 locis:

280 1207 416 1275 Lucret.
441 1208 471 1276 V
493 1206 598 1275 1198:

412 1332 484 1402 Nec
506 1333 617 1421 pietas
639 1331 711 1399 ulla
734 1337 786 1399 est
811 1332 966 1400 velatum
992 1352 1093 1421 saepe
1116 1331 1227 1398 videri

411 1456 549 1524 Vortier
573 1457 615 1524 ad
639 1455 799 1544 lapidem.

280 1580 380 1668 Prop.
405 1579 420 1647 l
443 1578 475 1662 l,
499 1578 559 1647 23:

412 1704 533 1773 Nullas
554 1700 613 1773 illa
636 1706 708 1774 suis
731 1711 930 1774 contemnet
953 1704 1093 1773 fletibus
1115 1724 1211 1789 aras,

411 1829 455 1898 Et
478 1831 689 1919 quicumque
711 1852 807 1899 sacer
830 1830 943 1919 qualis
965 1829 1094 1919 ubique
1116 1829 1214 1919 lapis.

281 1954 385 2022 Prud.
410 1961 530 2024 contra
554 1956 684 2045 Symm.
709 1955 869 2025 111005:

1030 2080 1133 2168 Lapis
1156 2079 1226 2146 illic

278 2185 281 2191 ¹
368 2178 404 2272 Si
427 2206 525 2273 stetit
547 2206 723 2294 antiquus
747 2226 851 2293 quem
875 2204 1013 2293 cingere
1038 2208 1199 2272 sueverat
1222 2221 1319 2269 error

369 2328 542 2397 Fasciolis.

281 2449 413 2520 ibidem
437 2452 561 2520 1206:

369 2576 550 2647 Sacratum
574 2578 668 2647 dorni
690 2577 839 2668 lapidem
866 2577 1052 2646 consistere
1073 2596 1201 2665 parvus

370 2701 566 2791 Spectarat,
591 2694 809 2792 matremque
831 2703 902 2771 illic
925 2702 1053 2791 pallere
1075 2703 1295 2789 precantem,

369 2828 449 2896 Mox
471 2829 626 2897 humeris
650 2829 781 2917 positus
804 2828 950 2895 nutricis
973 2827 1071 2895 trivit
1093 2831 1128 2892 et
1150 2826 1224 2913 ipse

369 2953 549 3042 Impressis
571 2954 702 3022 silicem
725 2953 842 3037 labiis,
867 2953 1013 3042 puerilia
1036 2955 1116 3019 vota

369 3079 490 3164 Fudit,
514 3084 664 3170 opesque
689 3078 754 3147 sibi
778 3098 879 3171 caeca
903 3078 945 3145 de
968 3096 1055 3166 rupe
1078 3075 1243 3164 poposcit.

369 3208 647 3293 Persuasumque
660 3204 793 3289 habuit,
807 3202 899 3292 quod
912 3203 990 3290 quis
999 3201 1092 3284 velit,
1106 3200 1186 3268 inde
1198 3197 1398 3288 petendum.

281 3331 383 3421 Apul.
409 3331 507 3421 Apol.
531 3352 562 3420 p.
585 3329 670 3397 504:
695 3329 834 3417 Negant
857 3327 984 3394 vidisse
1008 3345 1062 3410 se,
1087 3324 1148 3412 qui
1171 3322 1219 3390 ibi
1246 3322 1398 3403 suerunt,

236 3479 346 3525 unum
369 3458 492 3526 saltem
513 3458 551 3524 in
574 3456 702 3524 finibus
724 3454 798 3521 eius
821 3457 882 3520 aut
905 3450 1073 3540 lapidem,
1097 3453 1158 3517 aut
1182 3468 1318 3516 ramum
1339 3466 1397 3514 co·

237 3588 409 3651 nonatum.
433 3583 533 3669 (Vide
568 3581 670 3670 Apul.
695 3579 821 3646 Florid.
845 3576 885 3662 l,
910 3596 1014 3666 supra
1038 3574 1056 3662 ἓ
1078 3572 1149 3662 34).

282 3708 410 3777 Arnob.
445 3708 522 3775 adv.
558 3712 629 3775 nat.
664 3706 679 3772 I
715 3703 776 3771 39:
801 3703 837 3770 Si
861 3701 1000 3790 quando
1022 3718 1269 3788 conspexeram
1292 3695 1398 3764 lubri-

236 3840 353 3903 catum
387 3833 536 3922 lapidem
570 3838 605 3899 et
629 3850 673 3898 ex
695 3829 776 3897 olivi
799 3827 955 3916 unguine
980 3824 1195 3893 sordidatum
1217 3827 1397 3909 tamquam

234 3959 363 4026 inesset
397 3958 449 4025 vis
481 3976 645 4046 praesens
679 3952 864 4037 adulabar,
901 3949 1033 4018 affabar
1068 3954 1104 4016 et
1137 3945 1305 4014 beneficia
1334 3964 1397 4032 po-

236 4084 384 4151 scebam.
410 4081 474 4172 (Cf.
499 4081 628 4148 Minue.
653 4076 723 4145 Fel.
747 4077 867 4145 Octav.
891 4095 964 4164 cap.
987 4072 1009 4140 3
1030 4073 1131 4156 init).

281 4209 422 4277 Lucian.
457 4206 553 4273 Alex.
587 4202 631 4271 30
655 4203 713 4286 (de
737 4200 914 4270 Rutiliano
936 4197 1086 4287 quodam
1111 4194 1269 4283 loquens)
1292 4204 1346 4260 nat
1369 4199 1398 4258 εἰ

274 4470 295 4536 ¹)
314 4468 427 4522 eriam.
447 4467 540 4519 1457.
