3442 5175
892 432 958 499 ula

386 629 403 716 5
426 627 458 695 4.
483 628 532 696 De
555 628 748 707 cerauniIs,
772 617 861 717 quae
886 627 1029 695 fulmine
1050 628 1085 694 in
1106 632 1237 696 terram
1257 627 1413 695 deiectae
1435 648 1507 694 esse

342 752 589 834 credebantur,
622 773 642 818 a
672 751 848 820 veteribus
879 752 1010 840 pariter
1040 772 1080 819 ao
1104 750 1147 818 ab
1171 751 1347 819 hodiernis
1371 752 1507 841 populis

341 875 481 944 incultis
514 877 682 962 adoratis,
719 877 753 944 in
785 876 873 944 libro
903 877 1016 965 primo
1046 877 1116 944 iam
1149 867 1263 944 sermo
1294 875 1407 944 faetus
1438 881 1507 960 est;

342 1000 475 1070 Plinius
498 1022 556 1069 aas
581 1008 831 1069 commemorat
845 1001 884 1090 1).

385 1124 403 1212 §
432 1125 463 1192 5.
499 1126 660 1194 Diversas
690 1126 797 1214 igitur
829 1147 951 1194 causas
981 1126 1051 1193 iam
1083 1126 1385 1210 enumeravimuS‚
1417 1148 1507 1215 quae

342 1250 434 1338 apud
468 1250 629 1339 antiquos
662 1249 818 1338 lapidum
853 1248 986 1317 nultum
1022 1251 1196 1339 peperisse
1231 1252 1412 1334 videntur;
1448 1253 1506 1320 sed

342 1375 497 1442 nondum
532 1375 576 1442 ad
611 1374 716 1443 finem
749 1376 982 1464 pervenimus.
1017 1375 1140 1443 Graeci
1171 1377 1264 1444 enim
1294 1381 1330 1444 et
1360 1377 1509 1444 Romani

342 1521 506 1589 agrorum
536 1501 828 1590 praediorumque
851 1501 997 1586 limites
1021 1501 1095 1568 vias
1118 1520 1257 1589 qnoque
1281 1506 1315 1568 et
1339 1503 1509 1590 compita,

342 1625 455 1714 lapide
479 1624 533 1692 vel
556 1625 673 1714 stipite
697 1626 830 1694 defosso
853 1625 1018 1693 denotare
1043 1624 1216 1706 solebant,
1247 1646 1352 1714 quem
1375 1646 1509 1701 morem

343 1769 422 1815 eum
444 1748 563 1817 multis
582 1749 718 1837 populis
738 1749 891 1818 habuere
911 1770 1142 1818 communem.
1163 1749 1238 1817 Iam
1257 1750 1510 1838 antiquissimis

316 1843 557 1962 'temporibus
580 1873 711 1963 lapides
736 1893 799 1962 pro
823 1874 984 1941 terminis
1007 1875 1137 1961 positos
1160 1894 1233 1942 esse
1257 1875 1430 1943 Homerus
1449 1895 1513 1942 nos

343 1997 500 2085 doret²):

453 2134 473 2208 ἢ
497 2122 779 2211 δ’ἀναχασσαμένη
803 2131 903 2192 λίθον
926 2132 1027 2193 είλετο
1043 2139 1126 2212 χειρί
1149 2135 1267 2213 παχείῃ

452 2260 598 2334 κείμενον
620 2259 655 2316 ἐν
678 2255 785 2335 πεδίῳ,
807 2257 946 2335 μέλανα,
971 2260 1088 2339 τρηχύν
1112 2280 1143 2318 ιε
1165 2260 1268 2336 μέγαν
1290 2280 1331 2333 ιε,

453 2383 506 2442 τόν
529 2374 670 2463 ῥ’ἄνὸρες
693 2383 837 2464 πρότεροι
861 2373 976 2442 ’θέσαν
999 2383 1135 2460 ἔμμεναι
1160 2385 1257 2464 οὖρον
1280 2384 1426 2464 ἀρούρης,

391 2500 461 2567 lloc
502 2498 641 2588 quidem
686 2499 759 2567 loeo
793 2498 835 2566 de
871 2499 1042 2566 eiusmodi
1076 2498 1232 2589 lapidum
1267 2499 1382 2585 cultu,
1417 2500 1511 2589 apud

344 2625 517 2693 Romanos
541 2626 766 2694 usitatissimo
776 2626 823 2713 3),
849 2624 935 2692 nihil
958 2624 1116 2713 legimus.
1142 2625 1244 2712 Apud
1265 2625 1371 2694 alium
1390 2630 1511 2692 tamen

344 2751 547 2840 scriptorem
572 2750 762 2835 Graecum,
787 2749 898 2818 multo
918 2750 1162 2837 posteriorem,
1183 2749 1338 2838 lapidum
1357 2751 1395 2817 in
1413 2770 1510 2817 eom-

344 2876 425 2964 pitis
460 2875 704 2944 collocatorum
740 2876 1000 2943 venerati0nem
1036 2882 1263 2943 memoratam
1295 2876 1510 2957 invenimus;

345 2999 603 3087 Theophrastus
615 3002 642 3084 ⁴)
677 3001 787 3082 enim,
822 3002 864 3069 de
899 3001 1039 3069 homine
1073 3001 1312 3090 superstitioso
1347 3000 1509 3089 loquens:

344 3138 419 3206 ,,ιιαί
443 3138 504 3194 τῶν
526 3132 674 3214 λιπαρῶν
697 3132 812 3208 λίθων,
837 3125 971 3214 inquit,
995 3138 1054 3192 τῶν
1079 3134 1114 3193 ἐν
1136 3140 1202 3205 ταῖς
1221 3131 1364 3214 τριόδοις,
1385 3135 1511 3213 παριὼν

344 3257 378 3315 ἐκ
412 3263 462 3335 τῆς
494 3257 641 3336 ληκύθου
670 3256 783 3317 ἔλαιον
812 3265 972 3337 καταχεῖν,
1003 3264 1057 3318 καί
1089 3259 1141 3317 ἐπί
1172 3259 1290 3336 γόνατα
1320 3260 1427 3316 πεσὼν
1456 3260 1526 3314 καί.

344 3385 573 3463 προσκυνήσας,
599 3374 898 3442 απαλλάπεαθαι.”
931 3375 1090 3442 Fortasse
1112 3375 1220 3463 igitur
1244 3375 1336 3463 apud
1361 3374 1511 3442 Graecos

345 3518 483 3587 quoque
518 3498 648 3587 lapides
682 3504 716 3566 et
750 3500 885 3587 stipites
921 3500 957 3566 in
992 3501 1084 3588 agris
1118 3520 1181 3589 pro
1215 3499 1375 3568 terminis
1408 3500 1511 3588 positi

344 3623 595 3706 adorabantur3
620 3645 833 3713 quamquam
854 3625 1039 3713 scriptores
1059 3625 1229 3692 eiusmodi
1241 3645 1314 3692 rem
1329 3623 1428 3691 nobis
1441 3644 1512 3690 non

344 3748 575 3817 tradiderunt.
596 3749 695 3816 Plato
707 3750 733 3835 ⁵)
753 3750 893 3839 quidem
914 3749 1015 3835 dicit,
1036 3757 1107 3829 Διὸς
1120 3748 1346 3839 ‘Optovlegem
1360 3749 1512 3837 primam

346 3892 435 3958 esse,
467 3878 501 3940 et
532 3874 678 3963 quodvis
709 3874 839 3959 grande
872 3896 992 3943 saxum
1018 3876 1134 3964 potius
1159 3874 1368 3942 movendum
1393 3879 1512 3941 conset

383 4158 403 4223 ¹)
423 4159 495 4211 Plin.
517 4160 551 4211 H.
571 4160 604 4211 N.
625 4157 768 4211 XXXVII
788 4163 836 4225 51,
857 4159 918 4211 ride
938 4160 996 4213 Lib.
1018 4162 1030 4212 Ι
1051 4165 1065 4227 ς’
1085 4165 1126 4213 33.

382 4248 403 4313 ²)
422 4249 503 4301 Iliad.
526 4246 549 4300 Φ
568 4252 619 4301 403
638 4265 696 4317 sqq.

381 4339 402 4404 ³)
423 4337 494 4389 Vide
513 4338 588 4390 infra
607 4339 621 4403 ξ
641 4342 682 4390 39.

381 4427 402 4494 ⁴)
421 4428 538 4495 Theopr.
559 4428 640 4479 Char.
663 4432 704 4479 16.

381 4515 402 4582 ⁶)
422 4518 486 4584 Lag.
507 4517 581 4569 VIII
601 4519 652 4567 84‘2
671 4516 767 4583 (Didot
787 4517 817 4568 II
839 4518 909 4582 112).
