3442 5175
772 375 835 457 aa

223 581 334 669 vinci,
365 583 459 652 aliud
488 580 735 651 nihilomnino
758 584 789 651 ei
813 583 951 667 cedere;
975 604 994 651 e
1018 583 1142 672 quibus
1165 580 1250 650 illud
1273 578 1315 650 de
1338 578 1380 651 iis

223 708 525 799 superstitionibus
555 709 684 798 optimo
714 709 791 776 iure
822 707 989 775 affirmari
1018 709 1149 797 potest,
1172 708 1237 775 hoc
1260 713 1381 776 contra

223 834 367 902 minime
389 836 426 902 in
449 854 506 901 eas
530 833 700 923 quadrare
724 836 868 900 constat.
892 831 1144 921 Pedetemptim
1167 832 1260 899 enirn
1284 852 1380 899 rece-

224 958 353 1026 debant
395 963 499 1046 atque
540 956 763 1037 deficiebant,
799 976 862 1024 111
897 956 963 1024 nisi
998 956 1194 1025 adversario
1228 958 1303 1046 ipso
1338 957 1381 1024 ad

224 1087 356 1151 statum
397 1082 616 1151 humiliorem
651 1083 788 1171 delapso
821 1081 1076 1170 quodammodo
1110 1082 1295 1150 reviruisse
1327 1084 1380 1150 vi-

225 1206 400 1295 11111111).
442 1207 618 1286 Quomodo
652 1211 769 1275 autem
802 1206 905 1295 longa
939 1207 1159 1274 contentione
1193 1207 1380 1297 anthropo-

224 1332 437 1421 morphismo
468 1333 658 1420 suppressi,
690 1331 761 1399 sive
790 1332 905 1420 potius
935 1331 1104 1419 paulatim
1132 1352 1212 1400 cum
1235 1353 1275 1400 eo
1298 1352 1381 1399 con-

225 1454 299 1523 ssati
330 1457 415 1541 sint,
445 1457 481 1523 id
512 1476 554 1524 ex
575 1457 658 1544 ipsis
681 1455 837 1545 reliquiis
860 1455 950 1523 effici
974 1476 1072 1545 posse
1095 1456 1238 1524 confido.
1264 1457 1382 1526 Certos

225 1582 318 1649 enim
331 1581 497 1670 quosdam
509 1580 637 1670 gradus
649 1581 736 1648 mihi
748 1581 945 1649 distinxisse
957 1580 1086 1665 videor,
1099 1581 1226 1671 quibus
1237 1582 1382 1649 anthro-

224 1704 503 1794 pomorphismus
536 1705 579 1772 ad
615 1704 886 1773 dominationem
917 1705 1123 1794 perveniret,
1151 1706 1200 1772 ita
1231 1686 1381 1795 quidem,

225 1835 266 1897 ut
297 1829 510 1918 temporibus
540 1830 794 1918 posterioribus
816 1832 985 1920 cuiusque
1007 1830 1135 1918 gradus
1162 1832 1303 1920 vestigia
1325 1852 1382 1899 re·

225 1945 427 2022 manserint.
447 1953 488 2020 In
508 1954 619 2042 capite
639 1955 815 2042 superiore
828 1956 1010 2022 materiam
1022 1955 1208 2023 curatione
1220 1955 1382 2045 disposui,

225 2081 266 2145 ut
296 2077 370 2166 ipsa
396 2077 618 2166 dispositione
638 2079 790 2167 singulos
810 2079 939 2168 gradus
961 2079 1162 2165 indicarem,
1186 2086 1220 2148 et
1243 2080 1383 2169 quidem

225 2203 346 2270 hosce:

271 2329 289 2412 ς
311 2325 365 2394 td.
379 2325 426 2415 1).
448 2326 1039 2416 Commemoranturascriptoribus
1052 2333 1113 2395 aut
1125 2329 1384 2418 conspiciuntur

225 2451 264 2518 in
288 2452 521 2519 monumentis
543 2470 643 2537 saxa,
667 2451 818 2541 stipiteS,
840 2452 996 2534 arbores,
1016 2453 1189 2541 animalia,
1210 2475 1298 2542 quae
1310 2455 1384 2543 ipsa
1447 2514 1449 2516 ,

226 2574 341 2643 adbuc
364 2576 572 2665 scriptorum
594 2581 655 2645 aut
679 2582 984 2647 monumentorum
1005 2583 1118 2648 aetate
1129 2584 1308 2668 tamquam
1329 2580 1384 2648 dei

226 2700 299 2768 sive
321 2700 466 2769 deorum
489 2701 586 2769 sedes
610 2701 820 2770 colebantur.

270 2824 308 2913 2)
343 2825 420 2892 Alia
453 2846 553 2910 saxa,
587 2825 739 2914 stipites,
774 2827 931 2911 arbores,
965 2828 1129 2895 animalia
1163 2828 1384 2896 veneratione

227 2949 368 3036 quidem
391 2949 641 3037 dignabantur,
664 2956 873 3019 nontamen
898 2952 1046 3041 amplius
1068 2952 1124 3020 dei
1147 2953 1218 3020 sive
1242 2953 1385 3019 deorum

227 3074 324 3141 sedes
358 3094 449 3158 esse,
480 3074 538 3141 sed
561 3079 699 3143 tantum
722 3076 766 3142 ad
789 3075 870 3143 deos
893 3077 965 3143 sive
988 3077 1108 3144 heroes
1131 3076 1384 3166 quodammodo

226 3199 401 3287 pertinere
424 3198 662 3269 credebantur.

191 3366 197 3380 ι
271 3320 306 3408 3)
331 3322 419 3391 Sunt
442 3343 579 3414 quoque
602 3324 786 3393 simulacra
803 3327 931 3415 partim
950 3329 1062 3415 specie
1082 3326 1244 3411 humana,
1257 3327 1384 3416 partim

227 3445 368 3534 lapidis,
391 3448 534 3537 stipitis,
558 3449 715 3517 animalis
739 3449 860 3538 figura.
1105 3531 1107 3534 ¹

271 3569 309 3660 1)
334 3571 444 3640 Multa
478 3593 560 3640 saxa
594 3578 628 3640 et
658 3574 796 3642 arbores
830 3576 1115 3664 ascriptoribus,
1139 3578 1385 3666 praesertima

228 3690 417 3782 Pausania,
441 3702 764 3785 commemorantur,
788 3719 877 3788 quae
900 3719 969 3766 non
992 3700 1139 3790 amplius
1158 3701 1299 3768 adorata
1312 3722 1385 3769 esse

229 3819 408 3908 videntur,
443 3820 502 3888 sed
525 3827 644 3890 tamen
666 3822 779 3890 adhuc
801 3823 845 3890 ad
869 3823 949 3892 deos
972 3826 1044 3892 sive
1067 3826 1188 3894 heroes
1211 3827 1384 3915 pertinere

229 3944 469 4013 credebantur.

271 4064 306 4154 5)
330 4068 498 4138 Saxorum
521 4071 765 4140 nonnullorum
789 4074 953 4142 sanctitas
977 4074 1043 4143 alio
1066 4077 1167 4145 modo
1187 4076 1384 4166 apparebat,

229 4193 427 4284 multaeque
450 4215 505 4262 res
527 4195 690 4264 arborum
713 4203 748 4265 et
770 4199 972 4269 animalium
995 4200 1108 4270 cultus
1129 4199 1298 4270 oblivione
1321 4222 1383 4291 op·

228 4338 363 4406 pressos
385 4319 594 4387 redolebant.

231 4441 440 4455 ——n--fl—

267 4496 286 4564 ¹)
305 4497 376 4550 vna
395 4497 468 4551 nna
490 4501 503 4564 s
523 4502 566 4552 11.
