3442 5175
868 373 934 444 248

365 571 515 661 Dignum
538 576 590 639 est
612 571 704 662 quod
726 570 946 657 observetur,
977 569 1131 660 picturas
1153 571 1346 640 vasculares
1369 573 1479 642 rusti-

320 717 439 765 corum
472 697 509 763 in
543 696 608 763 hac
642 716 679 763 re
713 715 914 785 progressus
948 695 1046 763 nobis
1075 696 1245 765 indicare:
1268 718 1360 765 nunc
1383 699 1478 766 enim

321 828 483 889 truncum
505 821 629 890 rudem
651 821 826 906 videmus,
848 819 943 889 bulla
965 820 1114 909 (Knaui)
1138 822 1279 911 insuper
1298 828 1478 910 ornatum,

320 946 476 1034 vestique
497 945 624 1033 partim
648 950 862 1029 contectum;
893 945 1014 1034 capitis
1036 944 1110 1014 loco
1133 946 1220 1015 nihil
1242 948 1308 1015 nisi
1330 969 1479 1037 persona

319 1069 464 1138 barbata
486 1070 517 1137 ei
540 1067 644 1136 affixa
665 1074 734 1155 est,
753 1074 788 1137 et
807 1089 921 1137 ramos
932 1069 1122 1139 nonnullos
1142 1070 1290 1140 cultores
1301 1073 1478 1143 simulacri

319 1193 485 1262 lateribus
513 1192 702 1261 infixerunt
714 1190 759 1282 1);
791 1214 883 1262 nunc
905 1194 1023 1282 palum
1046 1195 1121 1263 basi
1142 1196 1342 1284 impositum
1365 1200 1478 1287 pictor

319 1316 417 1386 nobis
450 1317 617 1400 ostendit,
651 1316 804 1385 vestibus
838 1337 949 1407 usque
984 1318 1028 1385 ad
1057 1319 1181 1407 pedem
1204 1320 1383 1407 indutum,
1406 1343 1478 1391 non

319 1443 467 1533 amplius
500 1443 623 1512 rudem
657 1441 716 1510 sed
750 1442 1003 1532 quodammodo
1039 1444 1076 1511 in
1099 1443 1247 1512 formam
1269 1446 1477 1534 quadratam

320 1567 584 1651 circumrasum,
608 1570 648 1634 ut
670 1564 765 1634 trabs
788 1566 903 1655 potius
926 1587 1031 1655 quam
1055 1573 1199 1636 truncus
1222 1570 1282 1653 sit;
1306 1571 1395 1637 rami
1406 1592 1477 1639 non

319 1680 502 1778 lateribuS,
533 1692 592 1760 sed
625 1713 729 1781 supra
757 1711 940 1780 personam
964 1696 1102 1760 tantum
1123 1693 1201 1782 palo
1224 1693 1322 1762 infixi
1345 1700 1426 1763 sunt
1439 1697 1476 1781 2).

319 1815 360 1884 In
390 1815 456 1883 alia
482 1817 618 1905 pictura
639 1820 743 1923 caput
764 1816 835 1883 iam
857 1814 948 1883 trabi
970 1816 1171 1906 impositum
1194 1822 1246 1885 est
1268 1819 1340 1886 sive
1361 1819 1476 1907 potius

319 1961 478 2029 supreme
508 1941 559 2008 ita
588 1940 665 2007 axia
697 1939 832 2009 dolatus
867 1945 919 2008 est
940 1940 1056 2029 palm,
1079 1946 1119 2009 ut
1140 1941 1254 2010 bullae
1276 1941 1349 2010 loco
1372 1950 1478 2032 caput

320 2065 511 2132 humanum
546 2064 815 2152 conspiciamus,
850 2069 886 2132 et
918 2085 1065 2153 persona
1098 2066 1174 2133 ideo
1208 2067 1342 2156 integro
1372 2068 1478 2157 capiti

320 2188 478 2272 cesserit,
501 2188 590 2255 rami
611 2192 729 2255 tamen
749 2187 862 2256 adhuc
881 2189 1036 2257 humeris
1048 2190 1224 2259 simulacri
1235 2191 1332 2258 infixi
1343 2197 1433 2259 sunt.
1443 2193 1476 2280 13)

320 2311 397 2380 Alio
431 2312 579 2402 denique
612 2312 649 2379 in
682 2311 820 2379 vasculo
854 2312 1021 2380 eiusmodi
1054 2314 1278 2382 simulacrum
1300 2315 1478 2403 depictum

319 2437 493 2521 videmuS,
516 2437 590 2504 basi
613 2436 782 2525 quadrato
803 2437 1022 2526 impositum,
1050 2439 1161 2528 capite
1182 2444 1362 2529 tamquam
1384 2445 1485 2507 serto

319 2561 452 2651 ingenti
474 2562 580 2630 ramis
603 2561 773 2631 redimito.
786 2562 824 2647 ⁴).

363 2685 456 2775 §54
488 2687 621 2766 Quibus
651 2686 815 2776 exemplis
837 2692 998 2755 accurate
1021 2689 1197 2778 perpensis
1220 2690 1308 2778 quis,
1331 2709 1477 2778 quaese,

320 2812 531 2881 dubitaverit
553 2814 638 2901 quin
660 2833 699 2880 re
721 2833 803 2880 vera
821 2817 968 2881 truncus
987 2813 1083 2882 rudis
1101 2815 1138 2881 in
1150 2814 1372 2882 simulacrum
1383 2813 1477 2881 inte-

320 2958 422 3026 grum
452 2938 718 3005 transformatus
740 2938 809 3005 siti
832 2938 934 3022 Quis,
958 2938 989 3006 si·
1009 2938 1179 3027 stipitem,
1204 2939 1315 3026 capite
1338 2943 1479 3005 tantum

321 3067 356 3130 et
386 3062 500 3152 phallo
530 3062 740 3131 instructum
753 3062 790 3149 5),
821 3062 955 3147 videat,
988 3063 1136 3131 Graecos
1166 3063 1295 3151 priscos
1317 3083 1386 3131 non
1409 3063 1479 3130 nisi

361 3386 380 3451 1)
400 3385 541 3437 Bittioher
569 3385 615 3454 fig.
643 3388 676 3436 43
706 3401 729 3436 a.
758 3384 800 3437 ef.
820 3385 849 3453 E.
872 3384 1028 3451 Thraemer,
1047 3386 1167 3438 Roscher
1185 3385 1222 3437 M.
1241 3386 1305 3438 L.·I
1325 3388 1393 3437 1090
1410 3401 1431 3438 s.
1451 3403 1478 3439 v.

323 3474 470 3542 Dionysos,
491 3473 594 3525 Annali
615 3477 681 3525 1862
701 3473 755 3525 tab.
773 3473 802 3526 O.

357 3563 379 3630 ²)
407 3562 549 3614 Bbttiohor
574 3563 619 3631 fig.
639 3567 672 3614 43
692 3563 724 3630 b;
743 3565 778 3616 cf.
796 3565 869 3617 Mon.
889 3565 914 3618 d.
935 3566 957 3616 Ι.
976 3565 1017 3616 VI
1035 3568 1063 3617 et
1081 3565 1139 3617 VII
1158 3564 1213 3616 tab.
1233 3567 1266 3616 65
1285 3565 1324 3629 A3
1342 3564 1478 3630 Panofka,

323 3653 457 3720 Dionysos
477 3651 534 3703 und
553 3652 597 3704 die
616 3653 747 3720 Thyaden
767 3653 821 3705 tab.
842 3654 873 3704 ΙΙ
893 3658 917 3705 1.
937 3655 970 3705 In
989 3654 1034 3722 fig.
1054 3657 1087 3705 43
1107 3654 1202 3720 (sort.)
1221 3653 1297 3705 trabs
1315 3653 1373 3705 basi
1392 3655 1477 3718 carot,

322 3740 446 3810 ramique
471 3740 561 3793 adhuc
579 3741 712 3805 lateribus
730 3741 809 3793 infixi
829 3746 902 3794 sunt.
922 3742 993 3795 Mus.
1012 3743 1093 3795 Borb.
1111 3743 1171 3795 XII
1190 3743 1245 3795 tab.
1264 3746 1295 3795 21
1316 3758 1388 3810 sqq.;
1406 3742 1478 3797 Pitt.

323 3831 351 3882 di
370 3831 437 3883 Vasi
456 3831 533 3882 fittili
552 3832 594 3883 IV
613 3831 668 3882 tab.
688 3834 747 3883 317.

356 3921 377 3988 ³)
408 3920 549 3972 Bbttiohor
577 3920 622 3988 fig.
649 3923 697 3986 423
727 3919 858 3987 Gerhard,
889 3921 1032 3974 Trinksoh.
1061 3938 1087 3974 u.
1117 3920 1176 3973 Gef.
1202 3921 1260 3987 14,
1280 3925 1310 3987 53
1329 3919 1478 3986 Benndorf,

322 4009 542 4077 Vorlegebltttter
562 4010 587 4060 A
605 4013 629 4061 4.
867 3994 868 3999 Ἰ

357 4099 376 4160 4)
405 4098 547 4150 Botrioher
575 4097 620 4166 fig.
647 4100 694 4162 443
722 4087 849 4150 Panofka
876 4099 914 4150 l.l.
942 4099 1019 4160 Quod
1047 4100 1189 4153 Bbtticher
1208 4101 1241 4151 de
1259 4101 1310 4151 hoc
1330 4098 1476 4152 simulacro

322 4187 404 4239 dicit:
426 4186 545 4253 ,Stamm
564 4187 638 4238 eines
656 4192 761 4255 griinen
780 4187 997 4240 Fruchtbaumes
1016 4189 1056 4240 als
1075 4189 1267 4257 Dionysosbiid
1286 4189 1475 4258 ausgerfistet'’

322 4276 436 4327 minime
453 4278 559 4327 reotum
578 4278 634 4340 est;
654 4275 728 4328 trabs
747 4277 819 4327 onim
839 4279 880 4328 est
899 4276 956 4328 basi
974 4277 1108 4345 imposita,
1125 4279 1249 4348 ramique
1258 4278 1336 4330 vittis
1345 4278 1375 4330 in
1384 4279 1475 4348 capito

321 4365 426 4433 illigati
445 4367 516 4417 sunt.

358 4453 379 4524 5)
397 4453 469 4506 Mon.
487 4456 511 4508 X
529 4453 583 4507 tab.
603 4453 687 4509 XLV.
