3442 5175
821 378 864 445 77

257 587 312 642 καί
340 583 434 659 ηνίκα
466 581 578 643 Φῶκον
610 581 766 659 Τελαμὼν
792 587 846 642 καί
869 580 1000 661 Πηλεὺς
1022 583 1240 663 προηγάγοντο
1264 584 1295 653 ἐς
1318 584 1428 660 άγῶνα

258 706 442 767 πεντάθλου
472 711 527 766 καί
557 705 736 786 περιῆλθεν
766 706 797 775 ἐς
826 703 944 784 Πηλέα
975 707 1106 783 ἀφεῖναι
1128 709 1182 766 τόν
1204 705 1313 780 λίθον,
1339 708 1429 776 οῦτος

257 835 318 913 γάρ
341 832 410 890 άντί
435 828 545 890 δίσκου
569 833 680 908 σφίσιν
702 831 751 907 ἦν,
775 829 856 888 ἑκὼν
879 830 1027 909 τυγχάνει
1050 833 1105 889 τοῦ
1127 828 1248 889 Φώκου.

325 1069 419 1158 §hh
444 1069 508 1160 [7].
530 1070 577 1137 In
598 1070 670 1137 via
693 1068 918 1136 Troezene
940 1068 1214 1135 Hermionen
1234 1068 1428 1135 ducente

258 1193 454 1280 (Theseus).

302 1318 403 1385 PaUS.
435 1317 487 1401 II,
518 1316 580 1400 32,
613 1315 644 1381 7.
672 1322 772 1385 Ἰοῦσι
795 1321 829 1383 δέ
852 1328 907 1401 την
931 1321 985 1384 διά
1007 1329 1068 1385 τῶν
1091 1326 1175 1406 όρῶν
1198 1325 1230 1395 ἐς
1253 1321 1428 1405 Ἑρμιόνην

257 1452 340 1527 πηγή
371 1449 402 1509 τό
433 1450 498 1508 ἐστι
530 1449 584 1508 τὀῦ
616 1445 768 1508 Ὑλλικοῦ
798 1452 954 1525 ποταμοῦ,
990 1446 1129 1528 Ταυρίου
1159 1446 1249 1507 δὲτὸ
1273 1449 1306 1522 ἐξ
1328 1450 1429 1528 ἀρχῆς

256 1573 470 1650 καλουμένου,
501 1578 556 1632 καί
586 1572 684 1652 πέτρα
712 1569 837 1651 Θησέως
861 1571 1096 1652 ὀνομαζομένη,
1120 1571 1352 1651 μεταβαλοῦσα
1373 1577 1428 1631 καί

257 1699 336 1774 αῦτη
377 1700 411 1757 τό
449 1698 554 1774 ὄνομα
589 1696 789 1774 ἀνελομένου
825 1693 951 1775 Θησέως
984 1695 1039 1755 ὑπ’
1074 1698 1154 1776 αὐτῇ
1187 1693 1341 1777 κρηπῖδας
1375 1698 1429 1765 τὰς

257 1820 374 1899 Αίγέως
397 1828 452 1882 καί
475 1825 574 1900 ξίφος·
598 1823 752 1904 πρότερον
775 1818 809 1880 δὲ
833 1821 944 1898 βωμός
967 1818 1112 1881 ἐκαλεῖτο
1134 1817 1279 1879 Σθενίου
1303 1816 1381 1890 Διός.

301 2060 318 2149 ἓ
341 2060 394 2129 61.
422 2059 486 2151 [8].
512 2061 725 2150 Megaris,
749 2064 928 2148 (Δημήτηρ).

301 2186 404 2253 PaUS.
439 2186 473 2267 Ι,
507 2184 571 2269 43,
605 2185 637 2253 2.
673 2195 737 2253 ἐστι
772 2191 806 2251 δέ
840 2197 895 2252 τοῦ
925 2190 1127 2273 Πρυτανείου
1157 2192 1255 2272 πέτρα
1277 2190 1426 2270 πλησίον,

261 2315 488 2397 Ἀνακληθραν
510 2322 566 2395 την
587 2318 705 2399 πέτραν
727 2316 956 2408 ὀνομάζουσιν,
978 2318 1020 2386 ὡς
1039 2313 1192 2396 Δημήτηρ,
1214 2318 1243 2375 εί
1260 2336 1302 2393 τῳ
1320 2317 1426 2389 πιστά,

257 2443 307 2501 ότε
326 2446 381 2519 τὴν
399 2438 502 2501 παῖδα
520 2441 683 2502 ἐπλανᾶτο
703 2441 852 2520 ζητοῦσα,
873 2445 928 2501 καί
947 2440 1090 2500 ἐνταῦθα
1109 2440 1304 2500 ἀνεκάλεσεν
1319 2441 1426 2516 αῦτήν.

257 2566 381 2627 ἐοικότα
404 2563 438 2626 δέ
465 2569 506 2644 τῷ
530 2566 617 2645 λόγῳ
642 2563 759 2648 δρῶσιν
783 2567 814 2637 ἐς
838 2567 924 2643 ημᾶς
945 2565 990 2625 ἐτι
1013 2567 1048 2625 αί
1071 2562 1249 2647 Μεγαρέων
1271 2570 1426 2643 γυναῖκες.

301 2807 396 2895 §62
422 2805 486 2898 [9].
513 2807 576 2876 Ad
601 2808 801 2875 Athenas
826 2814 984 2896 (Δημήτηρ
1006 2811 1069 2874 καί
1093 2806 1272 2890 Theseus).

302 2930 414 3000 Schol.
439 2931 499 2999 Ar.
525 2930 586 3020 Eq.
608 2929 683 2998 785.
704 2938 768 2999 ἐστι
788 2934 822 2997 δέ
839 2922 895 2998 καί
918 2937 1106 3016 Ἀγέλαστος
1124 2939 1223 3019 πέτρα
1241 2936 1426 3016 καλουμένη

257 3067 345 3144 παρὰ
368 3070 432 3134 τοῖς
454 3062 649 3142 Ἀθηναίοις,
670 3064 753 3123 ὅπου
771 3063 909 3127 καθίσαι
929 3068 1009 3142 φασί
1029 3060 1135 3141 Θησέα
1153 3061 1318 3140 μέλλοντα
1330 3081 1424 3121 κατα·
1447 3119 1450 3125 ,

255 3187 382 3262 βαίνειν
406 3188 450 3258 είς
469 3183 579 3246 ’Ἀδου
601 3186 682 3247 ὅθεν
696 3193 751 3247 καί
770 3189 912 3264 τοῦνομα
931 3192 967 3268 τῇ
986 3188 1093 3268 πέτρα,
1106 3188 1126 3263 ἢ
1138 3187 1185 3246 δτι
1197 3187 1260 3246 ἐκεῖ
1272 3185 1426 3246 ἐκάθισεν

256 3311 276 3386 η
301 3307 445 3390 Δημητηρ
467 3309 638 3386 κλαίουσα,
663 3309 708 3370 δι’
731 3310 833 3390 ἐζήτει
857 3315 913 3388 τὴν
935 3312 1042 3392 κόρην.
1441 3368 1445 3375 .

301 3425 350 3493 Cf.
371 3424 435 3494 Ov.
456 3425 550 3494 Fast.
570 3426 617 3494 IV
636 3424 718 3511 503,
743 3425 900 3514 Apollod.
921 3425 936 3492 I
955 3424 996 3510 5,
1016 3424 1035 3492 1
1056 3431 1201 3515 (παράτὸ
1213 3432 1427 3516 Καλλίχορον

257 3559 367 3640 φρέαρ,
392 3570 474 3640 erge
498 3549 689 3638 Eleusine).

300 3797 318 3886 ξ
341 3796 396 3866 63.
422 3792 508 3887 [10].
534 3797 735 3865 Plataeis
758 3797 952 3884 (Actaeon).

301 3922 404 3990 Paus.
429 3922 496 4001 IX,
520 3922 558 4007 2,
582 3921 614 3989 3.
642 3928 714 4001 Τοῖς
738 3928 772 3988 δέ
794 3931 829 3990 ἐκ
851 3927 1013 4011 Μεγάρων
1036 3930 1121 3989 ίοῦσι
1145 3930 1229 4006 πηγή
1253 3929 1285 3987 τέ
1297 3930 1381 3989 ἐστιν
1393 3930 1427 3988 ἐν

258 4046 345 4135 δεξιᾷ
385 4059 440 4112 καί
481 4052 702 4137 προελθοῦσιν
745 4052 856 4130 ὀλίγον
895 4054 1002 4135 πέτρα·
1038 4052 1176 4112 καλοῦσι
1211 4050 1245 4111 δέ
1279 4057 1334 4129 την
1366 4054 1427 4128 μέν

260 4176 448 4250 Ἀκταίωνος
484 4182 601 4262 κοίτην,
637 4177 689 4238 ἐπί
724 4180 819 4259 ταῦτη
852 4176 1025 4238 καθεύδειν
1059 4183 1138 4256 φασί
1173 4183 1209 4257 τῇ
1243 4178 1340 4257 πέτρᾳ
1374 4179 1428 4234 τὸν

260 4301 435 4363 Ἀκταίωνα
453 4303 547 4362 ὁπότε
563 4303 662 4378 κάμοι
680 4302 838 4382 θηρεόων,
860 4303 892 4373 ἐς
910 4300 944 4361 δὲ
963 4306 1019 4379 την
1030 4306 1134 4380 πηγὴν
1146 4297 1262 4360 ἐνιδεῖν
1273 4298 1426 4376 λέγουσιν

257 4428 354 4486 αὐτόν
376 4426 535 4505 λουμένης
562 4424 741 4507 Ἀρτέμιδος
764 4427 799 4485 ἐν
823 4431 858 4506 τῇ
881 4431 974 4506 πηγῇ.
