3442 5175
803 697 878 765 XX.

290 950 360 1026 Διὸς
392 944 617 1015 simulacrum
653 946 689 1013 in
724 946 844 1015 Museo
875 945 1083 1036 Antiquario
1115 945 1275 1015 Leidensi
1306 948 1360 1034 (n⁰
1392 947 1408 1016 I

245 1068 302 1155 59)
345 1071 453 1139 aetati
489 1070 732 1139 Hellenisticae
766 1070 1029 1152 attribuendum
1064 1078 1134 1157 est,
1169 1071 1250 1141 lieet
1284 1074 1409 1142 artifex

246 1197 387 1265 schema
410 1195 686 1286 Polycletianum
709 1200 849 1265 secutus
872 1195 927 1264 sit.

783 1444 876 1516 XXI.

292 1643 430 1734 Optimo
461 1634 538 1711 inre
569 1643 671 1711 Niese
693 1644 744 1732 (in
769 1643 897 1712 Herma
921 1641 1010 1711 1888
1032 1663 1090 1733 pp.
1112 1641 1303 1729 [no-423)
1326 1643 1411 1712 dicit

247 1767 323 1838 fieri
356 1789 426 1837 non
460 1769 613 1857 potuisse
647 1773 688 1835 ut
711 1766 861 1836 Stolonis
885 1767 940 1834 lex
963 1752 1118 1856 agnariai
1144 1789 1208 1837 nne
1232 1769 1310 1857 quis
1334 1769 1412 1858 plns

248 1895 439 1985 quingenta
469 1896 590 1984 iugera
617 1894 692 1981 agri
714 1892 925 1982 possideret”
950 1893 1020 1960 iam
1045 1914 1136 1961 anno
1158 1892 1225 1962 367
1248 1893 1410 1962 ferretur.

774 2142 884 2211 XXII.

293 2340 486 2410 Mommsen
518 2341 631 2429 (Ram.
663 2339 910 2428 Forschungen
937 2338 969 2406 ΙΙ
993 2336 1059 2406 mo
1082 2341 1171 2427 sqq.)
1195 2342 1288 2407 recte
1311 2358 1413 2426 roga-

248 2467 379 2536 tionem
404 2467 558 2536 Cassiam
584 2467 758 2556 agrariam
783 2465 901 2534 fictam
925 2485 998 2533 esse
1020 2464 1191 2553 perhibet.

768 2706 895 2777 XXIII.

294 2906 406 2973 Sehol.
431 2906 572 2974 Lucian.
597 2905 640 2973 de
664 2903 784 2973 Saltat.
808 2902 869 2971 38:

292 3037 442 3117 λέγουσιν
465 3039 499 3098 έν
523 3034 657 3116 Δελφοῖς
680 3035 833 3115 ὀμφαλὸν
856 3037 939 3095 εἶναι
962 3034 1015 3095 &al
1038 2988 1253 3113 zonmaaovg
1275 3037 1330 3094 τοῦ
1352 3037 1413 3095 νεὼ

248 3170 302 3226 καὶ
332 3170 404 3246 περ1
435 3165 531 3224 αὐτὸν
562 3166 667 3224 αἰετὸν
696 3162 879 3244 γεγράφθαι
910 3163 976 3221 ἀπὸ
1007 3161 1188 3232 συνθέσεως
1212 3159 1336 3236 λίθων,
1360 3164 1415 3221 καὶ

249 3295 338 3350 τοῦτο
361 3291 502 3368 ἔφασκον
524 3291 559 3348 τὸ
581 3289 681 3366 μέσον
705 3288 831 3367 ἁπάσης
853 3293 906 3365 τῆς
926 3292 990 3365 γῆς.

294 3408 361 3475 Pro
385 3427 468 3476 voce
489 3415 640 3490 „aleam”
662 3404 849 3493 legendum
872 3408 925 3471 est
947 3411 1074 3486 „deza”
1095 3403 1168 3470 sive
1190 3411 1353 3484 ,,ᾰειοος”.

768 3643 894 3713 XXIV.

295 3846 398 3914 Paus.
423 3843 473 3911 ΙΙΙ
496 3841 558 3928 20,
581 3841 619 3909 9:

294 3982 397 4050 κίονες
427 3974 461 4036 δέ
489 3977 566 4036 έτιτὰ
589 3978 622 4036 οἳ
652 3979 707 4035 τοῦ
736 3976 901 4053 μνήματος
931 3973 1041 4034 τούτου
1068 3968 1229 4052 διέχουσιν
1252 3971 1290 4031 οὐ
1312 3970 1414 4046 πολύ,

250 4108 330 4164 κατὰ
364 4104 480 4187 τρόπον
515 4104 606 4180 οἶμαι
637 4103 691 4162 τὸν
704 4142 706 4147 ,
721 4102 876 4181 ἀρχαῖον,
909 4099 964 4171 οὓς
994 4098 1133 4181 ἀστέρων
1163 4102 1225 4175 τῶν
1247 4096 1417 4178 πλανητῶν

251 4250 350 4309 φασιν
373 4229 555 4309 ἀγάλματα.

296 4347 468 4417 Schubam
504 4346 619 4414 minus
651 4348 745 4411 recte
769 4348 850 4431 post
880 4362 1000 4411 vocem
1022 4349 1108 4410 πολὺ
1130 4340 1298 4409 indicavit
1319 4339 1416 4407 lacu·

253 4491 350 4556 nam3
375 4477 456 4539 ame
479 4491 600 4539 vocem
623 4481 655 4538 οἳ
674 4489 743 4537 vox
767 4478 849 4537 εἰσιν
871 4465 1056 4535 inserenda
1079 4471 1140 4535 est.
