3442 5175
810 408 856 475 59

295 604 432 672 Hesiod.
456 603 631 693 Theogon.
655 603 732 672 497.

424 734 560 816 Πρῶτον
585 734 750 815 ὅ’ἐξημησο
773 734 883 810 λίθον,
908 736 1055 812 πύματον
1077 737 1270 795 καταπίνων·

427 858 489 920 Τὸν
510 862 572 937 ,ιιὲν
594 858 672 932 Ζεὺς
692 860 814 939 στήριξε
835 862 916 918 κατὰ
938 858 1060 937 χθονὸς
1082 855 1262 937 εὐρυοδείης

424 981 539 1043 Πυθοῖ
562 984 597 1043 ἐν
619 982 745 1064 ἠγαθέη
767 981 901 1061 γυάλοις
923 982 987 1041 ὑπὸ
1009 980 1198 1061 Παρνησοῖο

425 1104 512 1185 Σῆρα
535 1106 611 1183 ἔμεν
633 1106 780 1180 ἐξοπίσω,
804 1103 922 1182 θαῦμα
943 1105 1092 1183 θνητοῖσι
1113 1105 1266 1186 βροτοῖσι.

294 1223 343 1289 De
373 1222 487 1309 lapide
514 1242 535 1288 a
567 1220 683 1287 Krono
714 1219 879 1285 devorato
909 1219 1015 1285 etiam
1046 1220 1139 1287 hisee
1170 1219 1253 1288 loeis
1280 1222 1415 1309 agitur:

249 1347 351 1415 Paus.
383 1344 464 1412 VIII
496 1342 535 1425 8,
567 1342 606 1429 2;
630 1341 711 1410 VIII
734 1339 796 1424 36,
819 1342 863 1424 23
887 1341 937 1408 IX
956 1341 995 1428 2,
1018 1340 1057 1425 53
1082 1342 1131 1409 IX
1154 1341 1216 1426 11,
1240 1342 1280 1427 3,
1304 1344 1417 1411 Treta.

248 1469 291 1536 ad
321 1468 494 1557 Lycophr.
525 1466 601 1534 400.
633 1465 682 1534 CI.
707 1465 924 1546 Sehdmann‚
949 1465 999 1533 De
1022 1466 1116 1536 Iovis
1138 1467 1360 1537 incunabulis
1382 1490 1416 1557 p.

248 1589 287 1669 7,
310 1590 388 1659 Ges.
413 1589 511 1659 Sohr.
535 1590 567 1658 ΙΙ
590 1589 674 1670 254;
700 1589 898 1669 Hermann,
921 1589 1077 1659 Gottesd.
1099 1590 1248 1659 Alterth.
1267 1590 1328 1676 18,
1353 1590 1414 1675 13;

248 1714 426 1783 Overbeek
450 1712 516 1782 145
536 1735 586 1803 sq.

292 1961 310 2049 ξ
334 1960 387 2030 11.
415 1962 454 2029 In
478 1960 716 2051 Etymologieo
740 1962 868 2050 Magno
891 1984 918 2030 s,
941 1983 973 2029 v.
998 1968 1158 2042 Βαίιοίος
1182 1960 1237 2050 (Ε,
1262 1964 1308 2030 Μ.
1332 1962 1415 2050 193,

248 2086 398 2153 Zonaras
420 2083 500 2170 371)
523 2085 609 2154 haee
632 2085 799 2174 legimus:
822 2093 1003 2166 Βαίτοίος·
1027 2092 1132 2168 Λίθος
1149 2097 1318 2174 γενόμενος
1336 2100 1417 2157 κατὰ

248 2219 302 2275 τὸν
332 2213 479 2293 Λίβανον
509 2219 544 2276 τὸ
574 2217 648 2297 ὄρος
677 2222 729 2295 τῆς
753 2215 872 2278 Ἡλίου
894 2217 1027 2289 πόλεως.
1053 2216 1213 2290 Βαίτνίος
1236 2217 1270 2279 dt
1292 2220 1417 2300 ἐκλήθη

248 2344 303 2400 καί
326 2341 345 2400 ὁ
367 2339 473 2414 λίθος,
499 2340 544 2400 δν
560 2342 630 2400 ἀντί
654 2337 725 2411 Διὸς
748 2341 766 2400 ὁ
788 2338 916 2421 Κρόνος
937 2342 1093 2402 κατέπιεν.
1112 2339 1246 2423 Είρηται
1266 2308 1309 2418 dd,
1330 2344 1417 2420 ὄτιη

247 2460 315 2523 Pria
348 2462 444 2543 βοίτη
478 2464 568 2541 αίγός
598 2464 858 2544 σπαργανώσασα
889 2466 930 2541 τῷ
958 2461 1075 2544 Κρόνῳ
1106 2462 1240 2525 dronae·
1264 2465 1359 2544 βαίτη
1382 2464 1416 2526 dt

249 2588 398 2665 σημαίνει
432 2590 488 2664 τὴν
522 2585 690 2668 διφθέραν.
727 2586 796 2647 Καί
818 2593 908 2669 παρὰ
931 2592 965 2649 τὸ
987 2581 1266 2670 βαίτηβαίτηίος.
1291 2588 1414 2670 Βαίτη·

249 2711 436 2792 στέγαστρον
469 2710 661 2792 προβάτοισν
694 2713 715 2789 ἢ
749 2714 871 2789 αίηειον
884 2703 920 2791 1).
969 2704 1164 2793 Hesychius
1198 2724 1338 2793 quoque
1372 2707 1417 2773 ad

248 2824 338 2893 hane
372 2845 493 2893 vocem
527 2826 651 2906 refert,
686 2832 850 2895 Βαίιοίον
880 2826 980 2894 illum
1004 2826 1155 2916 lapidem
1186 2848 1279 2911 esse,
1310 2849 1415 2917 quem

249 2949 345 3016 Rhea
368 2948 457 3039 pelle
480 2951 622 3037 caprina
646 2950 848 3019 redimitum
873 2949 1149 3039 obvolutumque
1170 2950 1287 3019 Krono
1312 2952 1416 3020 devo·

249 3073 398 3142 randum
422 3073 591 3156 dedissem
615 3093 729 3161 neque
752 3071 854 3140 aliter
879 3073 1078 3144 Priscianus
1090 3076 1117 3160 2)
1141 3075 1315 3163 opinatur.
1329 3075 1415 3144 Pro·

249 3197 408 3266 verbium
449 3197 601 3285 denique
635 3202 730 3279 ,,κ’ἂν
762 3205 919 3282 βαίτσίον
952 3200 1156 3285 κοτέπιες”3)
1190 3199 1235 3266 ad
1269 3199 1415 3268 eandem

248 3322 393 3390 huiusce
417 3323 510 3390 vocis
533 3322 857 3411 interpretationem
882 3323 1057 3411 quadrare
1079 3323 1227 3392 videtur.
1249 3323 1415 3392 Attamen

250 3466 375 3534 magna
408 3447 501 3514 inter
535 3451 670 3514 veteres
701 3447 743 3513 de
767 3447 894 3513 haere
918 3445 1086 3513 dissensio
1109 3447 1186 3514 fuit.
1211 3446 1252 3513 In
1275 3447 1416 3515 Eusebii

249 3569 518 3658 Praeparatione
560 3568 769 3657 Evangeliea
810 3568 910 3636 Philo
944 3568 1089 3656 Byblius
1124 3589 1165 3636 ex
1201 3569 1415 3638 Phoenicum

248 3691 434 3760 traditione
470 3692 655 3781 Baetylum
690 3693 867 3782 quendam
902 3693 1091 3759 memoriae
1125 3692 1277 3781 prodid1t
1305 3693 1416 3760 Urani

248 3813 377 3900 filium,
412 3820 519 3904 atque
553 3815 597 3884 ab
632 3817 749 3884 Urano
783 3817 979 3905 excogitata
1013 3816 1134 3885 scribIt
1164 3816 1320 3904 Baetylia
1343 3819 1416 3886 sive

285 4021 306 4086 ¹)
325 4019 367 4074 Of.
387 4020 508 4073 Bekkeri
527 4020 632 4074 Aneod.
651 4022 675 4074 Ι.
695 4024 761 4074 224:
780 4021 934 4087 Βαίινλος·
955 4020 1043 4088 λίθος
1053 4024 1141 4088 οὕτως
1151 4021 1416 4090 ἐταλεῐιοὸὸοθείς

248 4116 284 4177 τῷ
303 4108 409 4180 Κρόνῳ
428 4110 490 4163 ἀντί
510 4115 559 4162 τοῦ
580 4110 660 4176 Διὸς,
680 4109 759 4180 παρὰ
777 4112 807 4163 τὸ
826 4109 916 4163 τύλαν
934 4110 1001 4163 ὄντα
1021 4110 1192 4182 κεκρύφθαι.

284 4197 305 4263 ²)
324 4197 458 4249 Prisoian.
484 4197 563 4251 Artis
588 4198 785 4266 grammatioae
810 4198 858 4249 lib.
882 4198 908 4249 V
934 4202 980 4250 10:
1006 4198 1132 4250 Abaddir
1151 4200 1218 4252 deus
1237 4203 1291 4252 est:
1312 4199 1415 4251 dieitur

248 4287 275 4336 et
298 4285 350 4336 hoo
370 4284 480 4337 nomiae
505 4285 590 4351 lapis,
617 4302 699 4353 quem
722 4284 856 4337 Saturnus
877 4286 980 4338 dieitur
999 4287 1143 4340 devorasse
1162 4304 1211 4355 pro
1230 4289 1314 4352 Jove,
1333 4304 1415 4356 quem

248 4372 345 4424 Graeoi
365 4372 504 4436 βαίινίον
522 4376 629 4425 rodant.

283 4460 306 4526 ³)
327 4460 512 4531 Paroemiogr.
533 4462 769 4527 114683Apost.
790 4462 917 4529 proverb.
939 4463 982 4515 IX
1001 4465 1043 4515 24.
