3442 5175
877 372 943 442 186

808 573 957 657 Saxum,
986 580 1165 658 Ἀγέλασιος
1185 583 1283 664 πέτρα
1301 595 1403 643 voca-

849 703 938 779 tum,
963 699 1000 766 in
1020 720 1088 787 quo
1101 699 1238 768 sederat
1250 701 1404 769 Theseus

848 822 885 890 iu
920 821 1050 892 Orcum
1086 823 1316 894 descensurus
1347 825 1402 911 (cl.

847 950 1017 1037 Alcona)-
1448 949 1496 1018 62

374 1184 433 1273 35)
459 1185 667 1254 Actaeon.

330 1308 404 1377 nl.
430 1309 578 1379 Plataeis
809 1312 950 1394 Saxum,
977 1318 1156 1393 Ἀκταίωνος
1166 1322 1253 1401 κοίτη
1266 1334 1402 1381 nuncu-

848 1441 982 1525 patum,
1007 1437 1044 1503 in
1064 1457 1133 1526 quo
1156 1437 1310 1505 Actaeon
1323 1437 1403 1505 dor-

850 1562 938 1628 mire
973 1560 1123 1647 solebat3
1151 1562 1232 1630 inde
1256 1570 1405 1654 Ἀριεμιν

850 1686 1025 1755 lavantem
1050 1692 1242 1776 aspexerat.
1448 1686 1496 1755 63

372 1926 433 2017 36)
457 1927 606 2016 Tydeu
616 1950 641 1996 s

329 2052 402 2121 Al.
428 2052 555 2121 Thebis
804 2052 889 2120 Tres
923 2051 1055 2140 lapides
1090 2052 1194 2121 rudes
1225 2053 1261 2121 in
1295 2054 1404 2123 Tudei

846 2176 1004 2266 sepulcro
1027 2177 1189 2246 iacentes
1447 2178 1494 2245 ol

371 2398 430 2487 37)
454 2398 747 2467 Thersander.

330 2522 402 2592 nl.
427 2522 550 2592 Elaeae
803 2523 933 2592 Saxum
953 2524 989 2591 in
1012 2524 1223 2594 Thersandri
1236 2525 1393 2615 sepulcro

848 2649 975 2717 iacens.
1450 2653 1496 2720 67

355 2874 430 2964 ,38)
453 2875 674 2944 Phemius.

329 3001 404 3070 Al.
429 3001 518 3069 Aeni
541 3001 688 3087 (Thess)
803 3000 908 3088 Lapis
931 3020 1000 3089 quo
1024 3000 1199 3082 Phemius,
1227 2999 1404 3069 Aeniauo·

847 3144 928 3192 rum
945 3144 1017 3209 rex,
1031 3124 1280 3213 Hyperochum
1293 3126 1404 3193 inter·

847 3249 988 3333 fecerat,
1012 3248 1191 3318 colebatur
1214 3249 1258 3318 ab
1280 3249 1333 3317 iis.
1451 3249 1499 3318 49

371 3471 428 3559 39)
454 3472 773 3561 Amphiaraus

328 3598 402 3668 Al.
427 3597 559 3667 Potniis
806 3594 995 3664 Columnae
1018 3597 1055 3664 in
1075 3616 1156 3664 area
1174 3596 1405 3684 circumsepta

849 3720 999 3810 positae,
1013 3720 1074 3789 ubi
1087 3719 1300 3810 Amphiarao
1310 3725 1406 3789 terra

849 3865 885 3913 se
910 3844 1094 3913 diffiderat.
1451 3846 1499 3914 69

371 4071 431 4158 lu)
456 4068 729 4137 Melicertes.

328 4196 353 4264 C
374 4195 406 4263 l.
430 4193 588 4263 Corinthi
810 4194 931 4277 Pinus
951 4191 1015 4260 sub
1036 4213 1106 4281 qua
1127 4191 1314 4260 Melicertis
1333 4213 1405 4280 ara,

848 4319 885 4385 in
897 4317 1016 4401 litore,
1029 4338 1098 4405 quo
1110 4337 1197 4405 puer
1209 4338 1229 4385 a
1242 4316 1406 4406 delphino

849 4446 989 4510 evectus
1012 4446 1097 4509 erat.
1434 4440 1499 4509 1‘20
