3442 5175
864 420 931 488 266

309 622 462 705 Κόρωνος
494 637 621 684 nomen
656 623 692 685 et
725 618 852 685 Caenei
887 618 974 701 silio,
1011 618 1242 706 Lapitharum
1276 618 1351 705 regi
1365 617 1410 705 ¹),
1447 624 1486 685 et

309 740 519 821 ’Λπόλλωνος
547 741 632 821 filio,
658 741 901 831 Sicyoniorum
925 744 1038 830 regin
1063 747 1099 810 et
1124 742 1317 809 Anaxiroes
1329 742 1422 830 patri
1435 744 1483 826 ³),

308 871 343 933 et
367 866 579 934 Thersandri
602 867 672 933 filio
685 867 714 955 ⁴)
738 872 822 933 erat.
848 873 989 955 Καπροῠ
1012 881 1118 952 σῆμα,
1142 887 1163 932 a
1187 867 1359 933 Pausania
1383 886 1485 933 oom-

308 996 557 1075 memoratum,
581 992 624 1058 ad
649 999 788 1082 Καονρόν
811 992 988 1080 quendam
1007 992 1148 1059 heroem
1171 991 1383 1060 Messeniam
1403 1012 1485 1080 per-

306 1117 420 1184 tinere
455 1116 664 1183 verisimile
689 1116 775 1183 mihi
800 1116 940 1184 videtur
952 1117 990 1201 ⁵).
1015 1115 1196 1183 Permulta
1219 1115 1288 1182 alia
1310 1116 1486 1183 eiusmodi

308 1241 454 1307 heroum
475 1241 618 1307 nomina
637 1239 755 1307 afferri
767 1246 933 1328 possunt,
947 1240 1043 1308 velut
1056 1247 1193 1324 Κύκνος,
1206 1248 1320 1330 Ἄρεως
1331 1241 1423 1309 lilius
1435 1242 1484 1326 ⁶),

308 1365 466 1454 alterque
489 1372 632 1447 Κύκνος,
658 1369 864 1443 Ποσειὸῶνος
887 1363 979 1431 filius
993 1364 1037 1452 7),
1062 1371 1189 1448 Φῶκος,
1211 1366 1317 1432 Aeaci
1336 1364 1429 1433 filius
1442 1368 1484 1450 ⁸),

308 1497 416 1576 Κήόξ,
455 1489 631 1577 Ἀλκυόνη,
664 1496 814 1578 Πρόκνη,
848 1495 1022 1575 Φιλομήλα
1054 1494 1129 1575 etc,
1161 1510 1251 1578 quae
1275 1490 1484 1558 animalium

307 1612 447 1681 illorum
471 1614 692 1681 sanctitatem
717 1612 926 1701 significant.

352 1737 447 1827 §aa
478 1737 526 1827 5).
558 1738 637 1805 Non
660 1738 762 1805 aliter
784 1737 827 1805 de
851 1737 997 1805 deorum
1021 1738 1226 1807 ethereum
1251 1740 1484 1807 transforma-

308 1863 461 1931 tionibus
491 1863 719 1931 iudicandum
750 1883 891 1929 censeo:
915 1862 1129 1952 ubicumque
1153 1864 1323 1932 eiusmodi
1343 1865 1485 1933 fabulae

308 1995 404 2056 ortae
434 1989 522 2070 sint,
554 1988 676 2076 priscis
705 1987 922 2076 temporibus
953 1988 1117 2055 animalia
1140 1989 1233 2076 ipsa,
1259 1990 1295 2057 in
1319 2010 1408 2078 quae
1433 1990 1486 2057 dii

308 2114 380 2181 sive
414 2112 537 2181 heroes
571 2113 698 2180 mutati
733 2132 808 2180 esse
842 2118 1089 2197 narrarentur,
1124 2115 1341 2200 venerationi
1374 2114 1485 2182 fuisse

308 2239 486 2321 existimo,
521 2238 557 2304 in
594 2237 803 2305 animalibus
838 2237 906 2304 illis
941 2238 1058 2305 sedem
1094 2238 1275 2324 habuisse,
1306 2240 1484 2328 simulque

307 2364 373 2451 ipsi
396 2362 518 2430 iisdem
544 2362 665 2430 formis
687 2362 803 2430 induti
826 2361 932 2430 fuisse
957 2362 1043 2429 mihi
1067 2362 1241 2430 videntur.
1262 2363 1363 2431 Itain
1378 2365 1485 2433 Creta

308 2495 379 2568 Διός
402 2489 662 2556 venerationem
684 2509 763 2556 oum
785 2494 968 2555 taurorum
983 2487 1078 2557 cultu
1093 2489 1281 2556 veterrimo
1294 2511 1335 2557 ea
1345 2490 1484 2559 ratione

308 2614 493 2682 conllatam
525 2635 599 2682 esse
630 2614 794 2698 coniicio,
818 2619 858 2682 ut
883 2621 961 2694 Ζεὺς
984 2616 1021 2681 in
1042 2615 1205 2682 omnibus
1228 2617 1340 2684 tauris
1362 2616 1483 2684 sedem

307 2739 453 2822 habere,
486 2741 617 2829 etipse
641 2740 735 2807 tauri
757 2740 871 2828 specie
895 2761 969 2807 esse
993 2740 1213 2823 crederetur3
1237 2746 1374 2828 postea,
1399 2762 1482 2809 cum

306 2867 421 2954 prisca
451 2865 653 2954 superstitio
684 2863 1073 2952 anthropomorphismo
1105 2866 1286 2953 cessisset,
1306 2873 1364 2935 Ala
1387 2869 1486 2935 tauri

306 2991 419 3058 forma
441 2991 605 3058 indutum
631 2990 807 3077 Europam
830 2988 865 3054 in
881 2987 1020 3055 Cretam
1031 2990 1265 3057 transvexisse
1278 2990 1485 3058 narrabant.

307 3114 348 3182 In
369 3116 519 3182 Arcadia
540 3122 685 3204 Δημήτηρ
704 3134 778 3181 sese
789 3114 827 3180 in
840 3133 967 3201 equam
982 3118 1181 3182 mutaverat
1193 3115 1219 3200 ⁹)
1231 3137 1239 3199 ;
1252 3115 1483 3183 simulacrum

308 3239 515 3327 Phigalense
539 3239 688 3324 indicat,
714 3238 805 3305 hanc
828 3238 931 3306 deam
956 3259 994 3305 re
1014 3260 1098 3306 vera
1117 3240 1152 3307 in
1168 3229 1319 3307 Arcadia
1330 3239 1483 3307 formam

307 3364 471 3452 equinam
496 3359 660 3431 habuisse
675 3364 725 3450 10).
752 3364 898 3432 Nummi
921 3364 1082 3432 Arcadici
1094 3364 1224 3453 ubique
1236 3365 1274 3432 in
1286 3385 1326 3432 ea
1338 3365 1488 3454 regione

308 3556 520 3565 -—-—-—-

345 3695 364 3760 1)
383 3693 464 3745 Hom.
484 3694 506 3745 B
526 3696 585 3746 746.

343 3783 364 3840 2)
384 3783 465 3834 Paua.
486 3783 516 3833 ΙΙ
537 3787 562 3848 5,
582 3787 606 3834 8.

343 3872 364 3937 ³)
384 3873 466 3922 Paua.
487 3872 512 3922 V
533 3875 557 3937 1,
577 3876 602 3923 6.

342 3962 363 4027 4)
384 3962 466 4013 Paus.
487 3962 530 4012 IX
552 3965 594 4027 34,
614 3964 639 4013 7.
663 4015 666 4023 ,

342 4049 364 4115 ὅ)
383 4049 456 4100 Paus
476 4050 518 4100 IV
535 4053 576 4115 15,
594 4051 618 4101 7.

343 4137 364 4204 Β)
383 4139 447 4191 Hos.
468 4138 542 4190 Sout.
562 4140 604 4205 57,
624 4142 691 4206 4133
712 4139 777 4192 Eur.
798 4140 881 4192 Hero.
902 4141 967 4192 Fur.
985 4144 1044 4191 386.

343 4226 363 4292 ⁷)
384 4227 464 4278 Pind.
486 4227 529 4280 Ol.
549 4228 580 4279 11
600 4231 643 4279 82.
1039 4230 1042 4235 ’

342 4314 363 4382 ³)
384 4316 448 4368 Hes.
469 4316 519 4367 Th.
541 4318 617 4367 1094.

343 4404 364 4469 9)
384 4403 456 4455 Vide
475 4403 534 4455 Lib.
554 4404 585 4455 II
605 4405 619 4470 ξ
639 4406 698 4455 263.

345 4492 376 4560 10)
396 4491 468 4545 Vide
487 4492 548 4545 Lib.
567 4492 671 4546 111.1,
