3442 5175
867 409 910 478 78

344 607 362 695 5
385 605 439 673 61.
465 604 551 696 [11].
577 605 742 674 Thebis
767 605 946 693 (Tydeus).

346 730 448 798 Paus.
473 730 540 815 IX,
564 728 625 813 18,
645 729 676 796 2.
703 736 822 798 Τούτου
845 736 879 797 δὲ
899 739 1050 815 ἐγγύτατα
1069 743 1148 818 τρεῖς
1168 738 1250 796 είσίν
1262 737 1354 815 άργοί
1366 734 1468 794 λίθοι’

302 859 453 939 Θηβαίων
487 858 521 919 δὲ
544 864 575 921 οῖ
599 865 636 920 τά
659 862 781 943 άρχαῖα
802 864 1055 941 μνημονεύοντες
1080 858 1181 920 Τυδέα
1204 863 1304 937 φασίν
1328 858 1471 917 ἐνταῦθα

301 987 384 1044 εῖναι
407 987 461 1044 τόν
482 986 639 1060 κείμενον,
663 990 802 1062 ταφῆναι
825 982 860 1044 δὲ
884 987 981 1045 αὐτὸν
1003 987 1067 1044 δπό
1090 982 1245 1055 Μαίονος.

346 1225 364 1313 5
386 1224 441 1291 65.
466 1223 552 1314 [12].
577 1225 792 1313 Pompei,
816 1225 853 1291 in
878 1225 965 1293 urbe
988 1225 1150 1293 Phocidis
1173 1224 1442 1309 (Prometheus).
1564 1197 1566 1202 ¹

346 1349 448 1416 PallS.
473 1349 523 1432 X,
546 1346 585 1428 4,
609 1347 641 1414 4.
664 1355 758 1416 λίθοι
781 1362 901 1416 κεῖνται
921 1359 1031 1434 σφίσιν
1050 1358 1102 1416 ἐπί
1115 1362 1151 1436 τῇ
1161 1353 1319 1436 χαράδρᾳ,
1333 1354 1471 1432 μέγεθος

299 1483 361 1558 μὲν
390 1481 534 1561 ἑκάτερος
567 1482 609 1550 ὡς
639 1480 756 1560 φόρτον
787 1481 978 1560 ἀποχρῶντα
1011 1480 1135 1557 ἁμάξης
1165 1482 1258 1553 είναι,
1290 1484 1406 1558 χρῶμα
1437 1475 1472 1536 δέ

301 1606 365 1664 ἐστι
395 1604 502 1682 πηλοῦ
533 1606 653 1681 σφίσιν,
677 1604 716 1663 οὐ
739 1600 883 1680 γεώδους,
909 1601 986 1662 ἀλλ’
1010 1607 1077 1674 οίος
1100 1604 1141 1661 ἂν
1162 1600 1327 1682 χαράδρας
1349 1602 1471 1679 γένοιτο

301 1729 321 1805 ἢ
353 1730 531 1809 χειμάρρου
565 1724 774 1804 ψαμμώδους·
811 1728 1005 1807 παρέχονται
1037 1724 1070 1785 δὲ
1101 1732 1155 1785 καί
1186 1727 1289 1802 ὀσμὴν
1320 1726 1471 1801 ἐγγύτατα

300 1857 397 1932 χρωτί
424 1850 609 1932 άνθρώπου.
642 1855 739 1910 ταῦτα
769 1852 813 1912 ἔτι
840 1851 1014 1911 λείπεσθαι
1045 1855 1100 1910 τοῦ
1130 1848 1237 1928 πηλοῦ
1265 1848 1415 1926 λέγουσιν
1438 1849 1472 1922 ἐξ

302 1978 341 2034 οδ
369 1979 424 2034 καί
450 1977 539 2034 άπαν
569 1976 632 2035 ὑπό
666 1979 721 2033 τοῦ
754 1973 959 2055 Προμηθέως
993 1977 1027 2033 τό
1061 1975 1150 2051 γένος
1183 1972 1375 2050 πλασθῆναι
1410 1977 1472 2032 τῶν

301 2099 493 2179 ἀνθρώπων.

346 2338 441 2427 §oo
467 2337 554 2428 [13].
581 2338 769 2426 Delphis
793 2343 912 2426 (Δητώί.

347 2461 474 2529 Athen.
506 2462 569 2528 XV
600 2460 655 2528 (32.
686 2475 741 2530 καί
773 2470 952 2550 φερομένου
978 2475 1032 2530 τοῦ
1055 2469 1218 2543 Πύθωνος
1241 2470 1291 2533 ἐπ’
1314 2475 1470 2550 αὐτοὺςη

301 2591 393 2673 Λητὼ
424 2599 485 2654 τῶν
515 2571 640 2656 παίδων
670 2600 724 2656 τόν
754 2598 860 2678 ἕτερον
891 2597 926 2655 ἐν
956 2603 1022 2667 ταῖς
1049 2596 1206 2675 ἀγκάλαις
1229 2598 1350 2677 ἔχουσα
1373 2618 1470 2678 προσ-

301 2719 390 2795 βάσα
420 2723 461 2796 τῷ
492 2718 580 2797 λίθῳ
610 2723 651 2797 τῷ
681 2725 740 2779 νῦν
769 2721 812 2780 ἔτι
843 2720 979 2797 κειμένῳ
1009 2721 1072 2780 δπό
1103 2724 1144 2798 τῷ
1174 2717 1250 2779 ποδί
1274 2726 1325 2798 τῆς
1347 2720 1471 2799 χαλκῆς

302 2842 509 2923 εἰργασμένης
532 2839 662 2923 Λητοῦς,
689 2845 706 2903 δ
730 2850 782 2923 τῆς
805 2846 871 2905 τότε
894 2846 1037 2926 πράξεως
1054 2848 1186 2923 μίμημα
1205 2845 1379 2922 γενόμενον
1392 2846 1470 2904 άνά-

301 2985 400 3025 κειται
430 2970 520 3047 παρά
546 2971 601 3044 τὴν
624 2966 790 3028 πλάτανον
813 2969 848 3027 ἐν
871 2966 1015 3045 Δελφοῖς,
1040 2971 1136 3028 εῖπεν
1161 2972 1190 3028 ίε
1212 2974 1282 3043 παῖ,
1307 2974 1413 3047 τυχεῖν
1437 2965 1471 3026 δὲ

301 3091 376 3164 τόξα
396 3094 476 3167 μετὰ
498 3095 609 3172 χεῖρας
632 3090 747 3170 ἔχοντα
770 3095 823 3152 τὸν
851 3090 1053 3153 Ἀπόλλωνα.

285 3371 290 3381 ·
347 3329 364 3419 5
387 3329 442 3395 67.
468 3328 557 3419 [11].
582 3331 760 3414 Elaeae,
784 3332 821 3398 in
844 3332 931 3399 urbe
956 3332 1108 3399 Aeolidis
1134 3332 1391 3420 (Thersander).

347 3455 439 3522 Pa'us
470 3453 537 3534 IX,
569 3454 609 3541 5,
641 3453 694 3523 14.
725 3465 780 3522 καί
810 3466 841 3523 οῖ
873 3455 1123 3543 (Thersandlo)
1152 3471 1266 3544 μνῆμα
1289 3468 1320 3538 ἐς
1342 3464 1469 3526 Καΐκου

301 3584 412 3647 πεδίον
435 3585 604 3647 ἐλαύνοντί
626 3588 711 3647 ἐστιν
730 3588 765 3646 ἐν
788 3585 906 3668 Ἐλαίᾳ
925 3588 1029 3663 πόλει,
1050 3588 1147 3661 λίθος
1166 3592 1184 3648 δ
1203 3592 1237 3650 ἐν
1257 3596 1298 3669 τῷ
1317 3592 1469 3673 ὑπαίθρῳ

301 3714 353 3787 τῆς
376 3711 503 3791 άγοράς·
528 3715 583 3771 καί
606 3708 765 3789 ἐναγίζειν
789 3714 819 3771 οῖ
843 3712 1010 3793 ἐπιχώριοί
1034 3732 1133 3790 φασιν
1156 3715 1249 3792 αὐτῷ.

346 3947 441 4037 §dd
468 3948 556 4039 [15].
586 3950 635 4017 In
665 3949 876 4032 Arcadia,
900 3952 944 4018 in
968 3952 1040 4018 via
1066 3948 1337 4041 Megalopoli
1362 3955 1468 4023 Mes·

302 4092 452 4161 senam
476 4073 671 4141 ducente
696 4074 882 4164 (Orestes).

347 4199 448 4265 Paus.
473 4194 572 4279 Vffl,
596 4195 658 4282 31,
681 4197 713 4264 2.
747 4204 791 4265 Oe
813 4208 922 4288 πόρρω
945 4205 979 4266 δὲ
1001 4213 1055 4268 τοῦ
1079 4212 1166 4290 ίεροῦ
1189 4215 1244 4287 γῆς
1265 4212 1362 4288 χῶμά
1385 4212 1469 4271 ἐστιν

302 4331 340 4388 οὐ
370 4329 463 4407 μέγα,
496 4329 644 4409 ἐπίθημα
674 4329 750 4408 ἔχον
779 4324 881 4390 λίθου
911 4332 1127 4409 πεποιημένον
1157 4330 1325 4408 δάκτυλον,
1353 4341 1407 4394 καί
1431 4333 1469 4412 δὴ

301 4458 356 4513 καί
385 4455 491 4530 όνομα
521 4458 562 4531 τῷ
592 4455 718 4532 χώματί
740 4455 805 4513 ἐστι
833 4452 996 4514 Δακτύλου
1018 4462 1139 4533 μνῆμα
1164 4457 1307 4519 ἐνταῦθα
1330 4459 1469 4539 ἔκφρονα
