3442 5175
859 352 925 423 lla

354 553 441 621 Plin.
467 552 508 620 H.
533 553 575 620 N.
598 551 679 620 XVI
703 550 757 618 46.
785 551 859 619 Una
884 551 997 637 (salix)
1016 556 1135 618 tamen
1155 548 1314 637 proditur
1333 549 1377 616 ad
1396 569 1475 616 ma-

310 661 490 729 turitatem
525 659 678 749 perferre
712 658 829 744 solita,
859 658 897 724 in
929 656 1031 725 Creta
1053 655 1185 741 insula,
1208 656 1284 745 ipso
1306 655 1476 724 descensu

310 784 400 852 lovis
422 783 623 873 speluncae,
646 789 786 852 torvum
809 782 1052 871 ligneumque,
1077 780 1316 870 magnitudine
1342 781 1475 848 ciceris.

355 1030 372 1118 ξ
398 1029 470 1098 142.
493 1029 559 1120 [8].
580 1030 766 1118 Lernae,
786 1032 823 1097 in
844 1050 932 1119 pago
946 1029 1118 1119 Argolidis
1130 1030 1276 1119 (hydrae
1288 1029 1474 1119 platanus).

355 1155 457 1223 PaUS.
491 1153 523 1224 II
558 1153 612 1236 37,
643 1154 675 1223 4.
709 1162 769 1243 Τῆς
799 1161 832 1222 δὲ
863 1158 1054 1242 Ἀμυμώνης
1081 1165 1220 1242 πέφυκεν
1249 1165 1301 1222 ἐπί
1331 1168 1366 1242 τῇ
1389 1169 1475 1243 πηγῇ

310 1288 480 1359 πλάτανος·
505 1289 568 1347 ἀπὸ
591 1290 685 1369 ταύτῃ
707 1292 762 1367 την
784 1285 885 1369 ὕδραν
907 1294 1063 1371 τραφῆναι
1086 1294 1121 1369 τῇ
1143 1288 1297 1366 πλατάνῳ
1320 1292 1399 1366 φασί
1420 1336 1426 1347 .

631 1584 686 1651 lv.
711 1585 761 1651 lle
784 1585 973 1653 arboribus
996 1585 1152 1652 aheneis

360 1779 377 1867 ἓ
402 1777 469 1845 443
494 1776 560 1868 [4].
583 1777 614 1845 Α
647 1779 793 1864 henis,
816 1781 853 1847 in
878 1787 1013 1868 Ἀθηνᾶς
1035 1786 1201 1859 Πολιάδος
1224 1778 1362 1868 templo.

356 1904 458 1971 Paus.
489 1902 504 1970 I
535 1901 595 1989 26,
620 1901 649 1969 7.
674 1912 780 1988 φοῖνιξ
803 1907 837 1969 δὲ
859 1913 940 1993 ὑπὲρ
962 1917 1016 1972 τοῦ
1039 1912 1161 1993 λύχνου
1183 1912 1326 1992 χαλκοῦς
1348 1914 1475 1990 ἀνήκων

312 2039 344 2108 ἐς
367 2040 420 2097 τὸν
444 2037 564 2117 ὄροφον
587 2036 719 2117 ἀνασπᾷ
741 2040 796 2112 την
819 2033 944 2113 ἀτμίδα.

357 2154 397 2221 In
421 2154 574 2222 nummis
596 2153 791 2220 antonomis
810 2152 839 2219 li
858 2151 991 2221 insulae
1003 2153 1118 2243 palma
1129 2155 1222 2243 apud
1234 2159 1379 2243 Ἀθηνᾶν
1391 2175 1476 2221 con-

312 2278 475 2367 spicitur,
495 2277 574 2345 vide
597 2277 688 2346 infra
710 2277 728 2366 ἓ
751 2277 827 2346 487.
853 2277 903 2346 Cf.
926 2280 1267 2365 nummosPrienae,
1290 2279 1308 2367 ξ
1331 2278 1406 2347 205.

357 2527 375 2617 5
397 2526 472 2596 444.
499 2527 566 2619 [2].
590 2528 859 2619 Metaponti,
882 2531 919 2598 in
943 2529 1026 2598 foro.

358 2624 485 2722 llthen.
513 2653 596 2721 XIII
623 2652 677 2721 83.
701 2663 779 2742 αὕτη
802 2665 823 2740 ἡ
845 2660 1016 2744 Φαρσαλία
1039 2664 1074 2722 ἐν
1096 2660 1305 2740 Μεταποντίῳ
1328 2663 1390 2721 δπδ
1413 2666 1476 2721 τῶν

312 2787 347 2846 ἐν
381 2792 417 2867 τῇ
450 2788 553 2868 ἀγορᾷ
586 2787 748 2863 μαντίων,
783 2788 952 2865 γενομένης
985 2793 1091 2866 φωνῆς
1125 2789 1159 2846 ἐκ
1193 2793 1245 2865 τῆς
1274 2785 1393 2866 δάφνης
1423 2792 1477 2864 τῆς

311 2909 451 2990 χαλκῆς,
482 2913 521 2988 ἣν
547 2911 682 2990 ἔστησαν
704 2909 939 2971 Μεταποντῖνοι
961 2914 1042 2971 κατὰ
1065 2915 1120 2988 την
1140 2906 1289 2992 ’Ἄροστέα
1311 2915 1365 2970 τοῦ
1387 2909 1475 2992 Προ-

312 3038 482 3116 κοννησίου
523 3033 715 3115 ἐπιδημίαν.
731 3084 737 3096 .
753 3084 780 3095 ..
819 3038 972 3114 ἐμμανῶν
1006 3036 1185 3114 γενομένων
1219 3041 1280 3096 τῶν
1312 3038 1474 3114 μάντεων,

313 3158 494 3239 διεσπάσθη
519 3156 572 3220 ὑπ’
599 3163 710 3222 αὐτῶν.

358 3277 406 3346 Cf.
431 3278 609 3347 Botticher
631 3299 706 3368 cap.
728 3277 802 3346 XV.

357 3608 398 3676 V.
422 3611 473 3676 Ile
496 3610 641 3677 deorum
660 3608 862 3677 simulacris
881 3604 1133 3690 quodammodo
1153 3611 1320 3677 arborum
1341 3609 1476 3676 cultum

314 3734 569 3803 redolentibus

358 3928 376 4019 ἓ
399 3930 465 3999 145
488 3931 553 4023 [1]
578 3930 783 4000 Corinthi
807 3933 975 4033 (Διονύσου
996 3936 1119 4001 Λυσίου
1142 3937 1177 3999 et
1199 3932 1386 4020 Βακχείου).

361 4059 462 4126 Paua
486 4058 519 4125 ll
543 4057 575 4142 2,
598 4057 630 4124 d.
655 4057 742 4125 Vide
769 4077 875 4146 supra
897 4054 964 4141 llo,
987 4056 1020 4141 9,
1043 4057 1060 4145 ξ
1084 4056 1159 4125 llo.
1471 4053 1474 4056 ’

359 4308 376 4397 ἓ
406 4306 482 4375 llo.
508 4306 572 4397 [2].
597 4307 881 4392 Orchomeni,
905 4307 941 4373 in
963 4305 1049 4374 urhe
1073 4307 1251 4375 Arcadiae.
1277 4308 1476 4396 (Ἀρτέμιδος

314 4437 523 4522 Κείρεοίπόος
544 4430 798 4519 simulacrum).
