3442 5175
830 374 875 442 39

313 573 385 641 Ηοε
397 573 471 641 loco
484 572 572 640 alius
585 572 732 660 Magnae
745 571 869 639 Matris
880 570 985 659 lapis,
1006 571 1043 637 in
1056 570 1117 637 Ida
1130 576 1248 637 monte
1261 570 1438 649 adoratum
1479 545 1481 548 ⁵

267 697 593 766 commemorandus
617 701 687 764 est:

311 821 429 890 Claud.
450 822 492 889 de
515 825 604 910 rapt.
629 822 725 889 Pros.
751 821 766 887 Ι
790 819 867 888 201.

402 945 466 1013 Hic
489 945 587 1013 sedes
611 950 761 1033 augusta
784 944 877 1012 Deae
900 944 1092 1033 templique
1115 943 1251 1011 colendi

400 1070 574 1158 Religiosa
598 1068 699 1153 silex,
723 1067 839 1136 densis
861 1088 967 1157 qrram
991 1068 1096 1156 pinus
1122 1067 1309 1136 obumbrat

400 1193 613 1277 Fraudibus3
638 1197 673 1260 et
697 1192 793 1260 nulla
816 1191 912 1259 lucos
931 1192 1086 1280 agitante
1109 1191 1279 1279 procella,

400 1317 554 1385 Stridula
578 1316 722 1385 coniferi
745 1314 972 1383 modulantur
995 1316 1151 1384 carmina
1176 1315 1276 1383 rami.

313 1531 440 1599 Utrum
461 1531 549 1621 lapis
560 1530 654 1619 apud
668 1535 811 1599 antrum
824 1519 969 1597 Idaeum
981 1529 1016 1596 in
1032 1529 1135 1597 Creta
1148 1529 1263 1598 cultus
1277 1529 1346 1596 huc
1358 1550 1439 1618 per·-

265 1655 377 1722 tincat
401 1658 455 1740 (ut
479 1656 524 1722 M.
550 1656 688 1743 Mayer,
714 1654 759 1720 Μ.
786 1654 824 1721 L.
846 1652 983 1722 Kronos
1006 1652 1038 1720 ΙΙ
1062 1652 1151 1720 mro
1174 1652 1370 1741 perhibet),
1394 1674 1439 1720 an

266 1779 349 1846 binc
374 1779 508 1846 alienus
531 1779 594 1861 sit,
619 1777 719 1845 valde
742 1778 916 1845 incertum
943 1777 1030 1844 mihi
1053 1776 1209 1860 videtur,
1234 1776 1296 1844 sed
1319 1781 1439 1844 tamen

267 1924 348 1970 eum
372 1903 428 1970 hic
452 1907 764 1970 commemoratum
788 1901 911 1968 velim:

312 2027 481 2115 Porphyr.
502 2026 583 2093 Vita
604 2025 707 2113 Pylh.
724 2024 779 2092 17.
791 2031 917 2114 Κρήτης
929 2030 1074 2110 δ’ἐπιβὰς
1086 2039 1149 2103 τοῖς
1160 2030 1295 2114 Μόργου
1306 2034 1441 2111 μύσταις

266 2160 400 2239 προσῄει
433 2160 504 2230 ἐνὸς
534 2163 595 2219 τῶν
627 2155 757 2219 Ἰδαίων
788 2156 976 2224 Δακτύλων,
1007 2154 1109 2235 ὑφ’ὠν
1130 2162 1186 2218 καί
1209 2157 1382 2239 ἐκαθάρθη
1404 2165 1441 2238 τῇ

266 2284 419 2364 κεραυνίᾳ
442 2281 538 2361 λίθῳ.

311 2469 329 2558 ξ
353 2468 384 2535 7.
411 2467 475 2559 [5].
501 2468 765 2550 Laodiceae,
790 2470 828 2536 in
851 2468 938 2536 urbe
963 2467 1190 2557 Phrygiaell)
1215 2457 1393 2559 (Ἄρτεμίς).

312 2593 387 2661 Ael.
415 2593 552 2682 Larnpr.
574 2594 707 2682 Heliog.
731 2592 785 2662 28.
816 2582 981 2682 LapideS,
1007 2593 1068 2682 qui
1092 2593 1165 2660 divi
1189 2592 1373 2680 dicuntur,
1397 2616 1440 2662 ex

267 2720 406 2809 proprio
436 2719 567 2807 templo
599 2719 732 2786 Dianae
765 2717 972 2802 Laodiceae,
1005 2738 1046 2784 cx
1071 2717 1176 2806 adyto
1201 2738 1282 2803 suo,
1309 2719 1347 2785 in
1370 2740 1440 2808 quo

266 2844 302 2911 id
326 2844 466 2912 Orestes
486 2848 668 2933 posuerat,
692 2842 817 2910 afferre
840 2842 961 2910 voluit.

312 3037 384 3126 §a
411 3037 475 3129 [6].
501 3038 613 3127 upon.
638 3038 754 3111 arou„
773 3036 806 3104 u
830 3035 929 3105 τιτι.

566 3174 641 3232 είσω
666 3169 700 3230 δὲ
722 3170 826 3249 μέλας
848 3169 946 3242 λίθος
968 3173 1132 3252 ἠρήρειστο

456 3299 555 3378 ίερὸς,
581 3297 606 3375 ᾧ
629 3316 705 3358 ποτε
727 3300 830 3357 κεῖσαι
855 3294 1026 3373 Ἀμαζόνες
1049 3295 1247 3373 εὐχετόωντο.
1358 3384 1360 3387 v

312 3582 341 3649 b·
367 3582 419 3648 DE
445 3598 546 3649 Suxls
570 3597 847 3657 QUADRANGULIS
872 3598 1030 3647 ERECTIS.

312 3724 494 3809 Pharia,
518 3724 554 3790 iu
579 3723 666 3792 urbe
691 3724 845 3791 Achaiae
867 3723 1029 3813 (triginta
1053 3721 1127 3810 dii).

313 3935 381 4024 §b
403 3937 505 4005 Paus.
527 3936 591 4004 Vll
611 3936 671 4018 λλ,
692 3936 724 4005 4.
749 3943 921 4025 Ἑστὴκασι
944 3945 978 4006 δὲ
1001 3946 1152 4025 ἐγγύτατα
1175 3949 1230 4004 τοῦ
1254 3944 1440 4023 ἀγάλματος

268 4072 454 4152 τετράγωνοι
485 4070 579 4132 λίθοι
606 4072 772 4152 τριάκοντα
795 4070 939 4149 μάλιστα
962 4070 1114 4151 ἀριθμόν·
1140 4070 1266 4139 τούτους
1288 4069 1440 4145 σέβουσιν

268 4198 299 4255 οί
322 4193 436 4276 Φαρεῖς
459 4195 579 4273 ἑκάστῳ
598 4195 679 4256 θεοῦ
699 4214 781 4266 τινος
800 4196 906 4272 ὄνομα
925 4193 1130 4272 ἐπιλέγοντες.
1153 4195 1191 4252 τὰ
1211 4190 1245 4251 ὀί
1263 4193 1307 4253 ἔτι
1319 4191 1439 4253 παλαι·

268 4320 360 4400 ότερα
379 4324 434 4378 καί
456 4325 520 4390 τοῖς
543 4324 643 4380 πᾶσιν
665 4318 808 4399 Ἕλλησι
828 4322 920 4396 τιμὰς
938 4318 1026 4378 θεῶν
1046 4318 1115 4377 ἀντί
1135 4315 1331 4396 ἀγαλμάτων
1350 4319 1440 4395 είχον

268 4444 360 4524 ἀργοί
382 4442 485 4504 λίθοι.
