3442 5175
814 414 882 483 133

259 620 404 680 λέαιναν·
439 623 477 679 τύι
506 617 540 678 ts
570 623 658 679 αίτια
688 624 740 697 τῆς
768 620 902 680 ἑκάστου
932 627 1022 698 τιμῆς
1051 622 1153 680 εἰπεῖν
1183 623 1240 681 ούκ
1263 622 1347 681 ἐστιν
1370 622 1430 696 ἔξω
1529 537 1557 670 s

259 741 352 821 τῆσδε
381 749 433 821 τῆς
456 741 603 820 σπουδῆς.
629 740 763 821 Δελφοῖς
784 747 845 820 μὲν
868 748 1002 826 χρυσίον
1025 748 1112 825 ίερὸν
1134 745 1354 825 σεσυλημένον
1375 751 1430 807 καί

259 869 296 927 ἐν
319 871 361 945 τῷ
381 865 569 949 Παρνασσῷ
591 868 874 949 κατορωρυγμένον
896 871 1085 949 ἀνίχνευσον
1108 872 1126 929 ὁ
1148 869 1254 943 λύκος.

305 981 392 1050 Vide
414 981 505 1050 inlra
524 981 570 1050 lv
583 984 620 1064 b,
643 981 682 1063 ’1,
706 982 724 1071 §
746 981 822 1051 256.

305 1230 420 1321 §Mi
446 1230 533 1322 [19].
559 1232 823 1299 Ambraciae
845 1231 1010 1321 (leaena).

305 1355 439 1422 Aelian.
463 1356 542 1423 Nat.
567 1356 685 1423 Anim.
710 1356 776 1423 XII
798 1355 852 1423 40.
884 1358 1126 1446 Ἀμπρακιῶταί
1148 1388 1182 1442 γε
1204 1370 1270 1444 μὴν
1293 1365 1429 1446 (τιμῶσι)

259 1491 294 1547 τύ
317 1487 403 1566 ζῷον
425 1493 480 1566 τὴν
501 1488 647 1549 λέαιναν·
663 1536 757 1549 ,,,,,
783 1485 1024 1571 Ἀμπρακιῶται
1048 1489 1092 1566 δὲ,
1113 1493 1182 1551 ἐπεί
1201 1496 1255 1552 τὸν
1274 1495 1430 1574 τύραννον

258 1613 364 1672 αὐτῶν
387 1610 520 1673 Φαύλου
543 1611 737 1674 ύιεσποίσατσ
759 1613 887 1688 λέαινα,
912 1620 1024 1691 τιμῶσι
1044 1619 1078 1675 τὸ
1098 1615 1183 1693 ζῷον
1202 1621 1305 1678 αίτιον
1323 1619 1430 1689 αὐτοῖς

258 1736 448 1819 ἐλευθερίας
470 1738 688 1817 γεγενημένον,

303 1976 421 2066 ἓ227.
447 1976 533 2068 [13].
555 1978 748 2046 Athenis
773 1978 883 2067 (lupi).

303 2101 357 2170 Et.
390 2097 505 2190 Magn.
533 2100 617 2187 680,
641 2100 681 2168 21
708 2101 814 2193 Gaisf.
839 2123 910 2169 ων.
934 2109 1056 2170 Πολιοί
1079 2109 1181 2172 λύκοι.
1206 2116 1261 2172 καί
1283 2107 1359 2193 παρ’
1385 2112 1429 2172 Ἀ-

257 2233 409 2312 θηναίοις
451 2234 470 2293 ὁ
511 2236 700 2305 ἀποκτείνας
734 2233 835 2294 λύκον
865 2235 984 2313 ἀγείρει
1019 2235 1104 2311 αύτῷ
1137 2238 1175 2294 τὰ
1205 2238 1284 2314 πρὸς
1306 2236 1428 2313 ταφήν.

256 2362 312 2416 καί
346 2360 422 2428 ἴσως
454 2355 564 2435 ἐπειδὴ
596 2360 617 2435 ἡ
651 2355 753 2436 Λητὼ,
789 2357 899 2434 ἔγκυος
933 2358 1025 2427 ούσα,
1060 2354 1114 2416 διὰ
1148 2354 1270 2418 δώδεκα
1303 2326 1430 2441 ἡμερῶν

258 2480 392 2559 εἰσῆλθε
410 2479 643 2559 μεταβαλοῦσα
663 2484 706 2552 είς
725 2480 834 2556 λύκον.
857 2471 907 2539 Cf.
928 2472 1040 2540 Schol.
1059 2473 1171 2562 Apoll.
1184 2474 1295 2542 Rhod.
1308 2473 1339 2540 Il
1352 2473 1429 2542 124.

302 2722 405 2811 Apud
426 2723 658 2791 Athenienses
678 2722 809 2790 multae
829 2722 991 2809 luporum
1013 2723 1246 2789 venerationis
1259 2721 1427 2810 reliquiae

256 2847 498 2935 reperiuntur,
519 2866 538 2913 e
555 2846 682 2934 quibus
696 2845 825 2913 hancce
838 2867 945 2934 quam
958 2846 1215 2934 apertissimam
1228 2866 1302 2914 esse
1315 2867 1428 2929 nemo,

257 2971 396 3058 opinor,
431 2970 622 3059 negaverit.
654 2970 825 3058 Equidem
856 2971 1048 3053 totemismi
1072 2970 1219 3058 vestigia
1242 2991 1429 3059 agnoscere

257 3094 344 3161 mihi
367 3094 487 3161 videor
501 3095 541 3182 1).
574 3093 660 3161 Vide
691 3093 749 3160 lib.
781 3093 830 3160 lll
863 3095 881 3182 ἕ
911 3093 966 3160 24.
999 3094 1047 3161 At
1077 3100 1197 3161 tamen
1223 3094 1352 3162 mirum
1377 3100 1430 3163 est

258 3219 348 3308 quod
374 3218 498 3288 Suidas
523 3238 586 3285 nos
604 3216 704 3284 docet
727 3238 753 3284 ε.
775 3239 806 3284 v.
828 3223 1036 3304 Φεισόμεσύα
1055 3226 1117 3307 γάρ
1135 3248 1164 3285 τι
1183 3223 1279 3287 τῶνδε
1295 3226 1430 3304 μᾶλλον

257 3354 346 3428 ἡμεῖς
375 3353 396 3428 ἢ
425 3350 534 3411 λύκων
541 3370 552 3423 ,·
566 3395 660 3408 .....
693 3350 762 3409 ἐπεί
785 3351 819 3408 τὸ
841 3348 987 3408 παλαιὸν
1010 3352 1082 3421 τούς
1103 3349 1221 3422 λύκους
1244 3351 1429 3415 ἀπέκτεινον
1477 3332 1478 3335 ¹

257 3477 292 3536 ἐν
325 3482 360 3556 τῇ
391 3473 516 3554 Ἀττικῇ,
548 3479 602 3533 καί
633 3475 731 3551 νόμος
761 3474 801 3550 ἦν
831 3472 1044 3535 λυκοκτονεῖν.
1077 3471 1135 3563 ύιύἸ
1159 3476 1177 3533 ὁ
1199 3477 1261 3552 μὲν
1283 3476 1429 3553 φονεύων

258 3602 366 3661 τέκνον
388 3599 490 3660 λύκου
515 3596 672 3659 τάλαντον
695 3596 892 3674 ἐλάμβανεν,
919 3599 936 3657 ὁ
959 3595 993 3657 ὀύ
1016 3598 1138 3659 τέλειον
1160 3596 1227 3659 δύο.

302 3716 389 3784 Vide
412 3715 504 3783 infra
527 3714 573 3782 Vl
598 3736 625 3796 c,
653 3714 680 3798 l,
705 3714 722 3802 ἓ
745 3712 821 3781 260.

302 3963 418 4073 §228
445 3962 533 4054 [14].
558 3964 781 4031 Universe
806 3964 931 4052 (pisces
955 3964 1069 4049 sacri).

303 4086 429 4155 Athen.
466 4087 528 4156 Vll
563 4086 617 4154 l8.
656 4073 842 4156 Tr’'‹5’aov
874 4097 892 4155 ὁ
922 4095 1122 4172 καλούμενος
1152 4097 1235 4175 ἱερὸς
1265 4096 1379 4176 ίχθύς,·
1410 4098 1433 4156 ὁ

296 4380 317 4447 ¹)
337 4379 379 4433 ef.
396 4381 512 4447 Turner,
533 4380 630 4433 Samoa
649 4381 692 4447 21,
709 4385 751 4448 26,
768 4384 810 4447 60,
827 4380 929 4434 Frazer
945 4382 1095 4434 Totemism
1112 4385 1154 4434 14.
1171 4383 1205 4433 In
1222 4381 1353 4434 Samoasi
1364 4383 1427 4451 quis

259 4468 387 4522 noctuam
406 4472 543 4522 mortuam
562 4469 682 4538 reperit,
701 4486 761 4523 eam
780 4471 950 4523 lamentatur
968 4473 1052 4540 atque
1072 4470 1242 4524 sollemniter
1261 4469 1368 4539 sepelit.
