3442 5175
880 379 926 446 30

315 572 540 640 adoraturum
575 574 681 641 etiam
705 575 800 642 aliud
825 575 926 643 nobis
951 577 1298 644 commemorandum
1323 581 1392 644 est:
1417 581 1488 644 ter·

316 696 429 764 minos
460 697 555 777 volo,
588 718 609 763 a
641 697 783 765 Graecis
808 703 915 785 atque
938 699 1104 767 Romanis
1128 721 1256 788 magno
1280 702 1411 769 honore
1435 701 1490 767 di-

316 825 439 906 gnatus
463 819 710 908 sacrificiisque
735 820 897 904 donatos;
922 822 965 889 de
986 823 1113 911 quibus
1132 824 1235 904 inira,
1249 825 1309 892 ubi
1322 825 1487 893 deGrae-

315 962 436 1012 corum
459 945 767 1032 superstitionibus
793 966 913 1032 agam,
938 947 1049 1015 fusius
1073 948 1197 1036 loquar
1212 949 1253 1036 l).

729 1245 758 1312 u
771 1245 801 1312 A
813 1246 842 1311 Ρ
854 1246 887 1315 U
900 1246 928 1311 Τ
963 1246 1065 1313 VIII.

513 1415 564 1480 lle
588 1415 752 1497 stipitum
778 1416 895 1481 uultus
919 1417 1059 1483 ratione
1083 1435 1123 1482 ae
1147 1418 1288 1482 natura.

361 1584 378 1670 ξ
401 1580 455 1648 35.
481 1583 584 1649 Hisce
606 1583 829 1670 pertractatis
848 1583 1002 1651 breviter
1026 1583 1068 1650 de
1092 1583 1186 1651 cultu
1209 1583 1361 1672 quodam
1381 1583 1485 1650 litho-

315 1707 438 1775 latriae
465 1711 612 1794 cognato
636 1705 814 1794 disputare
838 1706 953 1773 velim.
979 1706 1047 1784 (lui
1070 1708 1163 1773 enim
1188 1707 1230 1773 de
1253 1707 1318 1773 hae
1339 1728 1486 1774 venera·

314 1825 409 1900 tione
443 1831 536 1919 apud
571 1834 706 1898 veteres
742 1830 975 1918 scripserunt,
1008 1830 1187 1897 Bbtticher
1218 1836 1253 1897 et
1284 1831 1486 1915 Overberk‚
1544 1839 1547 1844 ’

315 1976 393 2023 eam
421 1976 463 2022 ex
494 1955 659 2023 arborum
690 1952 787 2021 uultu
819 1958 933 2021 ortam
957 1974 1030 2021 esse
1055 1955 1274 2038 existimant3
1299 1956 1391 2043 quod
1416 1976 1487 2022 non

315 2079 382 2146 nisi
401 2080 531 2167 partim
555 2080 598 2147 iis
622 2078 782 2146 concedo.
808 2077 907 2145 Licet
931 2079 1024 2145 enim
1050 2079 1185 2166 stipites
1207 2079 1366 2146 nonnulli
1389 2099 1485 2146 rom·

316 2208 573 2287 memorentur,
605 2202 666 2291 qui
698 2222 736 2268 re
767 2222 850 2268 vera
882 2202 926 2268 ad
951 2202 1117 2270 arborum
1140 2202 1379 2269 adorationem
1404 2224 1484 2292 per-

314 2329 427 2395 tinere
451 2326 654 2405 videantur,
678 2325 844 2414 permulti
868 2330 987 2392 tamen
1010 2325 1070 2392 alii
1093 2345 1235 2414 prorsus
1258 2326 1302 2393 ab
1326 2327 1487 2395 eaabhu-

314 2472 392 2519 rere
418 2451 504 2518 mihi
527 2450 709 2534 videntur,
734 2470 848 2537 neque
873 2449 1021 2534 mirum,
1042 2469 1124 2515 nam
1144 2449 1351 2538 populorum
1372 2451 1486 2519 incul-

314 2581 432 2644 torum
456 2574 703 2643 hodiernorum
728 2573 991 2662 superstitiones
1014 2593 1077 2640 nos
1100 2572 1191 2641 idem
1217 2573 1352 2643 docent.

360 2700 427 2767 Per
456 2704 579 2767 totum·
602 2699 697 2765 enim
729 2697 849 2766 orbem
872 2702 1049 2765 terrarum
1073 2696 1172 2764 iuxta
1195 2696 1327 2785 lapides
1351 2699 1486 2788 stipites

315 2823 515 2893 hominibus
538 2823 679 2891 incultis
703 2843 766 2911 pro
790 2822 916 2890 letissis
940 2826 1039 2905 sunt,
1063 2821 1100 2887 in
1124 2821 1251 2908 quibus
1263 2823 1372 2890 animi
1384 2823 1485 2890 habi·

314 2955 390 3017 tare
422 2949 577 3017 diversas
601 2947 644 3015 ob
669 2967 791 3015 causas
814 2946 1079 3028 existimantur3
1103 2965 1217 3034 neque
1241 2947 1312 3015 lere
1336 2968 1485 3037 usquam

315 3078 477 3162 apparet,
509 3072 669 3161 stipitum
699 3071 838 3139 illorum
870 3069 1004 3138 cultum
1028 3089 1070 3136 ex
1095 3069 1259 3138 arborum
1284 3072 1485 3140 adoratione

315 3196 511 3281 effluxisse,
536 3197 717 3284 multoque
741 3196 852 3263 artius
877 3215 956 3262 oum
980 3194 1172 3263 litholatria
1195 3217 1276 3264 eum
1301 3199 1486 3265 cohaerere

315 3322 557 3411 anthropologi
588 3322 649 3410 qui
673 3320 840 3388 dicuntur
864 3317 1052 3386 affirmant.
1077 3319 1183 3407 Tylor
1206 3321 1348 3407 saltem,
1372 3323 1426 3390 vir
1448 3322 1485 3388 in

316 3448 381 3514 has
404 3446 563 3515 doctriua
586 3444 929 3534 praestantissimus,
952 3448 1095 3511 truncos
1119 3463 1198 3511 eum
1219 3445 1393 3534 lapidibus
1412 3452 1485 3513 tam

315 3576 390 3638 arte
414 3572 610 3658 coniungit,
634 3576 674 3638 ut
698 3570 836 3658 saepius
860 3568 903 3635 de
928 3588 1049 3635 eorum
1073 3568 1225 3636 cultibus
1247 3575 1429 3660 tamquam
1443 3570 1485 3638 de

316 3715 386 3762 uua
409 3694 601 3784 eademque
624 3695 871 3783 superstitione
895 3692 1060 3780 loquatur
1072 3692 1109 3778 2).
1123 3692 1235 3771 Quam
1250 3695 1293 3762 ob
1305 3716 1380 3763 rem
1393 3696 1484 3784 apud

353 4011 372 4077 1)
392 4010 463 4062 Vide
483 4010 543 4063 Lib.
564 4011 612 4062 III
632 4011 647 4077 ἕ
667 4014 691 4063 5.

352 4100 373 4166 2)
391 4100 476 4154 Prim.
497 4099 569 4151 Oult.
591 4100 622 4151 II
643 4102 706 4151 160:
730 4098 840 4165 „Under
860 4098 909 4148 the
928 4095 1041 4164 general
1062 4095 1183 4166 heading
1202 4098 1234 4149 ol
1250 4098 1416 4167 Fetiohism,
1435 4101 1485 4154 but

315 4188 357 4240 for
385 4189 568 4240 oonrenienoe
596 4188 661 4240 sake
690 4187 862 4255 separately,
891 4202 954 4253 may
984 4184 1018 4236 be
1047 4187 1208 4239 oonsidered
1236 4189 1284 4239 the
1311 4190 1432 4257 worship
1457 4192 1488 4243 of

317 4277 424 4342 „stooks
442 4277 497 4327 and
516 4276 632 4328 stenes.”
654 4276 762 4328 Ibidem
781 4292 808 4343 p.
830 4278 896 4327 162:
919 4276 969 4342 „In
990 4277 1353 4343 Afrioa,stool‹-and·stone
1365 4280 1485 4345 worship

315 4365 339 4415 is
367 4360 455 4417 found
482 4351 588 4433 among'
611 4366 658 4416 the
686 4364 820 4416 Damaras
845 4364 876 4415 of
895 4364 942 4415 the
962 4364 1076 4418 Seuth.''
1098 4367 1173 4431 „The
1192 4367 1333 4418 Turanian
1353 4366 1439 4418 tribes
1457 4366 1487 4417 ot

315 4452 405 4505 North
426 4453 494 4504 Asia
512 4453 622 4521 display
641 4453 881 4506 stook·and·stone
901 4454 1023 4521 worship
1044 4456 1073 4505 in
1092 4456 1146 4506 lull
1165 4472 1243 4507 sense
1262 4456 1318 4507 and
1336 4454 1460 4524 vigour.”
