3442 5175
637 1304 1019 1384 PRAEFATIO.

718 1546 930 1553 ——-—-.

286 1715 467 1803 Nusquam
487 1717 598 1803 magis
618 1738 723 1805 quam
745 1720 838 1807 apud
859 1720 1009 1786 Graecos
1029 1720 1110 1787 ileos
1129 1721 1284 1788 humana
1296 1724 1412 1811 specie

239 1839 415 1927 praeditos
426 1840 531 1907 fuisse
539 1842 760 1909 notissimum
771 1849 832 1910 est.
846 1844 1283 1933 Anthropomorphismum
1293 1853 1411 1915 autem

238 1963 337 2030 illum
362 1984 432 2031 non
456 1965 562 2032 fuisse
585 1967 822 2053 primitivum,
847 1966 907 2034 sed
927 1988 947 2032 a
966 1968 1084 2055 parvis
1097 1969 1288 2056 profectum
1303 1970 1412 2037 initiis

239 2089 490 2178 pedetemptim
513 2090 643 2157 formas
663 2090 882 2158 sublimiores
903 2092 1092 2179 accepisse,
1112 2093 1412 2181 mythologorum,

239 2214 445 2300 praesertim
490 2214 743 2300 recentiorum,
789 2214 1030 2302 indagationes
1075 2216 1185 2302 magis
1231 2217 1412 2304 magisque

238 2337 399 2427 probant.

285 2438 359 2528 Iam
392 2460 513 2528 multis
545 2462 646 2529 annis
677 2461 804 2530 abhinc
836 2461 1059 2530 observatum
1087 2468 1156 2548 est,
1180 2464 1352 2531 exstitisse
1376 2464 1412 2530 in

242 2586 386 2653 Graecia
421 2607 560 2674 quoque
591 2586 706 2654 cultus
738 2588 905 2675 quosdam
939 2609 1102 2656 saxorum
1134 2589 1293 2677 stipitum
1316 2588 1413 2676 plan·

240 2717 357 2778 tarum
382 2710 605 2791 animalium3
630 2710 672 2777 de
697 2731 846 2798 quarum
871 2733 990 2779 rerum
1014 2713 1256 2798 veneratione,
1280 2731 1369 2799 quae
1393 2731 1413 2776 a

241 2835 418 2903 communi
448 2834 593 2902 deorum
625 2834 721 2902 cultu
752 2840 825 2901 toto
856 2836 950 2902 coelo
982 2834 1121 2903 differre
1151 2835 1306 2917 videtur,
1337 2835 1413 2901 fuse

241 2980 343 3048 agere
375 2958 462 3025 mihi
496 2958 713 3046 propositum
746 2963 809 3025 est.
840 2958 881 3024 In
912 2959 1006 3025 hisce
1038 2964 1157 3026 autem
1188 2958 1312 3025 studiis
1343 2977 1413 3023 non

241 3081 524 3170 mythologorum
547 3081 706 3157 illorum,
732 3083 791 3170 qui
811 3082 903 3148 hanc
922 3081 1107 3149 materiam
1127 3102 1197 3148 non
1216 3082 1283 3148 nisi
1302 3057 1413 3148 obiter

145 3268 148 3275 t
221 3206 405 3293 tetigere,
449 3226 554 3294 opera
597 3205 778 3273 notissima
814 3205 900 3272 mihi
936 3188 1127 3273 evolvenda
1157 3206 1318 3289 fuerunt,
1353 3205 1413 3272 sed

241 3330 352 3398 multo
387 3331 504 3418 potius
534 3330 560 3396 ii
589 3334 748 3397 auctores
781 3329 868 3396 mihi
900 3331 1102 3398 consulendi
1133 3331 1199 3398 visi
1229 3335 1329 3413 sunt,
1353 3331 1414 3417 qui

240 3456 425 3545 postremis
448 3456 542 3522 hisce
566 3455 667 3522 annis
691 3455 733 3521 de
754 3454 900 3521 diversis
921 3454 1073 3527 cultibus
1092 3454 1237 3542 singulis
1256 3455 1292 3520 in
1304 3453 1413 3540 regio·

240 3579 343 3646 nibus
376 3579 517 3646 Graecis
549 3579 660 3645 obviis
692 3578 918 3666 scripserunt.
950 3579 981 3643 A
1005 3577 1215 3665 mythologis
1234 3596 1413 3664 compara-

240 3705 321 3772 tivis
345 3704 407 3791 qui
431 3703 596 3770 dicuntur
619 3722 730 3789 paene
753 3701 840 3767 nihil
868 3701 1143 3789 mutuari-potui
1163 3701 1292 3790 quippe
1312 3700 1413 3787 quia

241 3847 310 3893 non
345 3826 579 3914 comparando
612 3826 664 3892 ita
699 3827 816 3893 vocari
850 3829 926 3893 iure
957 3826 1026 3892 dici
1048 3826 1181 3913 possint
1195 3826 1231 3911 1).
1257 3824 1412 3892 Anthro-

242 4024 453 4032 *u—-a-—a—-n

280 4147 299 4212 ¹)
318 4146 360 4199 Of.
380 4146 411 4198 Ο.
432 4146 557 4212 Gruppe,
579 4144 713 4196 Bursians
733 4144 944 4196 Jahresberioht
965 4148 1032 4196 1899
1050 4161 1075 4211 p.
1095 4147 1158 4195 140:
1176 4143 1244 4210 „Dio
1259 4159 1308 4194 vor
1323 4142 1412 4195 einem

242 4234 463 4286 Monsohenalter
489 4235 559 4285 noch
584 4234 639 4285 fast
667 4232 852 4284 horrsohondo
872 4234 1007 4297 Ansioht‚
1026 4234 1089 4284 dass
1108 4233 1153 4284 die
1171 4233 1276 4299 griech.
1296 4231 1413 4298 Mythen

243 4323 272 4373 in
301 4324 389 4374 ihrem
418 4325 493 4374 alten
520 4323 597 4373 Kern
622 4323 854 4389 Naturv'orgttngo
879 4322 1043 4388 dorstellon,
1069 4322 1152 4372 deren
1177 4321 1279 4372 Wesen
1297 4336 1347 4371 aus
1365 4321 1413 4370 der

243 4410 450 4478 Vorgleiohung
470 4411 518 4461 dor
537 4411 655 4478 tibrigon
672 4410 977 4476 indo-germanisehen,
993 4409 1186 4461 insbesondere
1202 4409 1250 4458 der
1268 4408 1413 4458 indisohen

244 4497 358 4564 Mython
385 4499 504 4550 erkannt
531 4498 641 4549 worden
660 4499 766 4563 kitnne,
785 4499 822 4549 ist
841 4498 1031 4566 gogenuiirtig
1051 4498 1105 4549 fast
1123 4513 1193 4561 ganz
1213 4495 1411 4563 ausgegeben.’'

1292 4596 1305 4642 1
