3442 5175
805 452 871 521 117

254 644 348 713 Piaei
448 647 626 713 autonomi
651 644 859 735 (415-400)
876 647 973 714 Head
997 645 1073 727 141,
1089 647 1304 714 Hasd-Svnr.
1318 643 1333 711 Ι
1345 644 1422 712 222.

254 771 415 858 Segestae
530 792 546 835 ι
650 770 855 855 (ano-409)
915 792 932 836 ι
990 768 1067 852 144,
1177 793 1192 834 ι)
1318 767 1422 835 1177.

254 892 549 980 Syracusarum»
651 891 860 981 (345-317)
920 916 937 959 ι)
994 892 1070 972 156,
1177 917 1194 958 ι)
1318 888 1424 957 1236.

298 1137 316 1224 ξ
338 1136 414 1205 252.
440 1137 529 1225 [13].
552 1139 716 1225 Mysas,
736 1140 774 1206 in
794 1139 881 1207 urbe
900 1123 1036 1227 Lyciae.
1051 1142 1275 1222 (Ἀπόλλωνος
1287 1138 1422 1227 pisces).

298 1260 372 1328 Ael.
408 1262 450 1328 N.
487 1261 528 1327 A.
563 1260 628 1328 XII
664 1262 695 1329 1.
730 1269 870 1352 Μυρέων
905 1276 966 1331 τῶν
996 1272 1031 1330 ἐν
1062 1268 1167 1351 Λυκίᾳ
1199 1243 1322 1339 κόλπος
1341 1270 1422 1341 έσιί,

253 1399 308 1452 καί
341 1393 407 1472 ἔχει
442 1395 555 1472 πηγήν,
590 1398 644 1453 καί
679 1394 822 1453 ἐνταῦθα
853 1398 931 1465 νεὼς
969 1393 1168 1464 Ἀπόλλωνός
1202 1394 1283 1466 ἐστι,
1319 1396 1372 1452 καί
1406 1393 1425 1449 δ

254 1512 344 1574 τοῦδε
373 1519 428 1575 τοῦ
458 1514 540 1576 θεοῦ
574 1518 675 1596 ίερεῦς
708 1518 785 1597 κρέα
818 1518 959 1596 μόσχεια
994 1514 1171 1597 διασπείρει
1202 1521 1264 1576 τῶν
1293 1520 1334 1593 τῷ
1356 1516 1425 1592 θεῷ

254 1638 447 1715 τεθυμένων,
483 1641 578 1721 ὀρφοί
611 1661 643 1700 τε
677 1644 708 1700 οί
744 1640 857 1719 ἰχθύες
893 1639 1013 1721 ἀθρόοι
1045 1640 1246 1720 προσνέουσι,
1279 1644 1333 1699 καί
1364 1643 1425 1698 τῶν

253 1766 360 1842 κρεῶν
384 1761 562 1836 ἐσθίουσιν,
596 1766 651 1823 οία
682 1761 785 1841 δηπου
815 1762 1013 1840 καλούμενοι
1044 1761 1238 1839 δαιτυμόνες.
1263 1760 1331 1823 Καί
1353 1765 1425 1841 χαί·

254 1904 366 1964 ρουσιν
401 1888 431 1945 οἰ
465 1885 631 1959 θύσαντες,
666 1892 721 1946 καί
755 1889 810 1962 τὴν
844 1888 961 1947 τούτων
992 1883 1084 1946 δαῖτα
1116 1887 1319 1945 πιστεύουσιν
1342 1887 1425 1944 εἰναι

254 2009 365 2084 σφίσιν
397 2008 490 2068 δτταν
512 2007 651 2087 άχαθην,
676 2015 731 2069 καί
753 2008 904 2087 λέγουσιν
927 2008 1024 2069 ίλεων
1047 2012 1131 2070 εἰναι
1154 2009 1319 2083 τὸνθεόν,
1345 2005 1426 2068 δι’δν

254 2132 285 2188 οἰ
320 2128 433 2209 ἰχθύες
463 2131 712 2209 ἐνεπλήσθησαν
744 2137 805 2192 τῶν
836 2138 945 2213 κρεῶν·
975 2130 1017 2191 Εἰ
1048 2130 1082 2191 δέ
1112 2139 1179 2203 ταῖς
1209 2133 1319 2211 οὐραῖς
1344 2132 1426 2190 αύτά

254 2253 299 2323 εἰς
332 2255 388 2330 τὴν
421 2260 480 2333 γῆν
513 2254 694 2331 ἐκβάλοιεν,
730 2258 838 2337 ὥσπερ
874 2257 932 2316 ούν
966 2257 1175 2332 ἀτιμάσαντες
1207 2261 1262 2316 καί
1295 2258 1427 2335 μυσαρά

254 2378 425 2455 κρίναντες,
459 2383 549 2440 τοῦτο
580 2376 619 2456 δὴ
648 2384 703 2440 τοῦ
734 2378 816 2440 θεοῦ
845 2385 941 2458 μῆνις
963 2383 1046 2440 εἰναι
1068 2383 1284 2440 πεπίστευται.
1303 2375 1425 2459 Γνωρί-

255 2497 349 2571 ζουσι
374 2497 408 2559 δὲ
431 2507 486 2561 καί
509 2505 564 2578 τὴν
588 2507 642 2562 τοῦ
666 2503 772 2582 ίερέως
795 2505 905 2580 φωνὴν
926 2506 956 2562 οἰ
975 2504 1097 2582 ἰχθύες,
1117 2508 1172 2563 καί
1190 2502 1427 2572 ὑπακούσαντες

254 2626 315 2700 μὲν
345 2625 554 2705 ἐυφραίνουσι
584 2628 720 2702 τούτους,
752 2624 850 2698 διὀδς
878 2626 1056 2706 κέκληνται,
1084 2628 1269 2687 τούναντίον
1292 2622 1326 2683 δὲ
1350 2623 1425 2706 δρά·

258 2765 368 2819 σαντες
392 2747 561 2811 λυποῦσιν.

301 2984 418 3073 ἓ253.
444 2985 531 3077 [14].
556 2988 614 3056 De
638 2995 884 3076 Ἀσκληπιοῦ
908 2989 1214 3077 serpentibus.

303 3108 409 3177 Arist.
435 3110 526 3177 Plut.
551 3109 628 3178 733.

478 3236 646 3324 Ἐξηξάτην
669 3244 727 3304 ούν
751 3242 809 3305 δύο
832 3242 978 3324 δράκοντ’
1001 3245 1036 3304 ἐκ
1058 3248 1112 3305 τοῦ
1135 3232 1196 3304 νεὼ

478 3365 648 3446 ὑπερφυεῖς
671 3368 705 3426 ιδ
726 3365 874 3444 μέγεθος.

302 3478 415 3546 Schol.
445 3478 489 3545 ad
522 3479 628 3548 Arist.
659 3480 723 3548 1.1.
754 3487 883 3562 Κοινῶς
910 3493 971 3567 μίν
1000 3495 1055 3549 καί
1087 3495 1150 3561 τοῖς
1182 3487 1298 3560 ἄλλοις
1327 3491 1427 3569 ἥρωσι

257 3604 423 3690 δράκοντες
444 3611 662 3692 παρετίθεντο,
687 3613 851 3695 ἐξαιρέτως
874 3611 909 3672 δέ
931 3616 973 3690 τῷ
1001 3610 1184 3690 Ἀσκληπιῷ.

303 3725 353 3792 Of.
378 3725 479 3793 Paus.
504 3725 621 3808 1128,
645 3727 684 3814 I,
709 3728 783 3795 Ael.
808 3729 850 3796 Ν.
878 3727 918 3795 Α.
943 3726 1025 3794 VIII
1049 3726 1102 3793 12.
1135 3727 1184 3793 De
1208 3726 1428 3813 serpentibus

258 3845 363 3914 deum
386 3848 502 3936 ipsum
526 3850 871 3938 repraesentantibus
894 3850 973 3917 vide
996 3869 1102 3937 supra
1126 3848 1143 3937 ς
1166 3847 1242 3917 230.

303 4093 321 4181 ᾗ
350 4092 425 4162 254.
459 4092 547 4184 [15].
581 4095 824 4180 Hamaxiti‚
856 4097 894 4163 in
924 4095 1011 4164 urbe
1043 4095 1187 4163 Troadis
1211 4100 1428 4181 (Ἀπόλλωνος

259 4218 401 4306 mures).
806 4235 813 4243 ·’

304 4339 378 4407 Αε1.
401 4340 444 4410 N.
469 4340 510 4410 A.
535 4339 600 4408 XII
623 4341 655 4408 5.
680 4341 767 4409 Vide
791 4362 897 4430 supra
920 4342 938 4430 ἓ
962 4340 1039 4408 218.
