3442 5175
508 1281 561 1350 A.
597 1281 665 1382 DQ
688 1282 902 1367 lapidum
928 1282 1249 1353 veneratione.

778 1527 990 1544 ...-.....,-.

320 1719 413 1809 §2
447 1722 495 1788 De
526 1721 681 1809 lapidum
709 1725 815 1809 atque
838 1678 998 1808 stipitum
1022 1720 1246 1788 veneratione
1267 1720 1360 1787 hisce
1384 1720 1467 1789 locis

297 1846 459 1912 universe
483 1845 616 1933 agitur:

340 1987 499 2075 Xenoph.
524 1987 626 2054 Mem.
651 1987 685 2067 Ι,
709 1986 748 2072 'l',
772 1986 826 2054 14.
853 1993 924 2055 Τῶν
947 2015 978 2054 τε
1002 1998 1063 2075 γὰρ
1085 1996 1291 2076 μαινομένων
1315 1998 1386 2065 τοῦς
1406 1997 1467 2072 μὲν

297 2116 371 2178 οῦδὲ
401 2122 438 2177 τὰ
469 2116 558 2179 δεινὰ
588 2116 742 2194 δεδιέναι,
775 2123 845 2190 τοῦς
869 2116 903 2177 δὲ
926 2125 981 2178 καί
1004 2122 1042 2177 τὰ
1064 2123 1110 2196 μὴ
1132 2119 1256 2200 φοβερὰ
1279 2118 1464 2197 φοβεῖσθαι·

295 2249 350 2302 καί
373 2249 436 2314 τοῖς
458 2246 518 2321 μὲν
541 2242 609 2303 οὐδ’
633 2245 667 2303 ἐν
690 2244 780 2323 ὄχλῳ
803 2241 909 2303 δοκεῖν
932 2246 1068 2324 αἰσχρόν
1091 2246 1174 2303 εῖναι
1196 2242 1303 2320 λέγειν
1322 2245 1342 2319 ἢ
1362 2248 1466 2302 ποιεῖν

296 2368 419 2442 ὁτιοῦν,
451 2374 515 2438 τοῖς
545 2366 578 2426 δὲ
607 2366 675 2427 οὐδ’
706 2368 859 2447 ἐξιτητέον
882 2370 927 2437 είς
950 2367 1143 2448 ἀνθρώπους
1166 2370 1249 2426 εῖναι
1273 2363 1387 2425 δοκεῖν·
1412 2370 1466 2424 καί

296 2495 367 2562 τοῦς
388 2494 449 2569 μὲν
469 2491 544 2552 οὔθ’
563 2496 649 2573 ίερδν
669 2494 739 2552 οῦτε
757 2492 871 2569 βωμὸν
890 2493 960 2551 οὔτε
972 2490 1058 2550 ἄλλο
1070 2496 1131 2551 τῶν
1141 2491 1243 2551 θείων
1255 2488 1349 2549 οῦδὲν
1360 2494 1465 2567 τιμᾶν,

296 2619 367 2686 τοῦς
389 2613 423 2674 δὲ
446 2622 500 2676 καί
523 2616 640 2688 λίθους
661 2623 716 2677 καί
738 2616 821 2691 ξῦλα
844 2621 882 2675 τὰ
906 2618 1041 2695 τυχόντα
1059 2621 1114 2675 καί
1132 2616 1234 2696 θηρία
1258 2613 1423 2690 σέβεσθαι.

341 2732 512 2821 Theophr.
548 2732 650 2800 Char.
685 2731 739 2800 16.
774 2738 842 2800 Καί
873 2745 934 2801 τῶν
956 2739 1105 2821 λιπαρῶν
1128 2739 1235 2799 λίθων
1258 2743 1319 2799 τῶν
1335 2712 1377 2797 Ιἐν
1400 2744 1467 2808 ταῖς

295 2862 445 2946 τριόδοις,
481 2869 606 2946 παριὼν
641 2865 676 2923 ἐκ
709 2870 762 2941 τῆς
795 2864 943 2943 ληκύθου
979 2864 1092 2924 ἔλαιον
1125 2868 1293 2941 καταχεῖν,
1328 2867 1383 2921 καί
1413 2862 1466 2919 ἐπί

295 2990 413 3066 γόνατα
436 2992 543 3049 πεσὼν
564 2993 619 3047 καί
641 2991 863 3069 προσκυνήσας
886 2988 1163 3048 ἀπαλλάττεσθαι.

339 3103 446 3171 mem.
466 3103 564 3170 Alex.
585 3102 711 3169 strom.
732 3102 814 3186 vn,
834 3102 874 3189 -ι,
893 3102 925 3169 ο.
945 3112 1045 3183 σε...
1063 3114 1124 3189 με.
1142 3114 1203 3190 γὰρ
1222 3111 1240 3168 ι
1259 3113 1305 3187 μὴ
1323 3108 1466 3186 vonam,

295 3238 378 3295 είναι
401 3235 491 3309 θεὸν,
513 3231 720 3310 δεισιδαίμων
738 3231 772 3292 δὲ
792 3235 810 3292 δ
823 3231 932 3305 δεδιὼς
943 3238 981 3293 τὰ
993 3224 1162 3312 δαιμόνια,
1176 3235 1310 3293 ὑπόντα
1320 3232 1420 3305 θειόζ
1421 3254 1466 3294 ων

294 3364 349 3418 καί
379 3357 478 3432 ξῦλον
508 3362 562 3416 καί
592 3357 692 3418 λίθον
714 3363 769 3417 καί
792 3361 920 3435 πνεῦμα
943 3358 1108 3439 ἀνθρώπῳ
1131 3377 1162 3417 τε
1184 3357 1320 3435 λοχικῶς
1341 3357 1464 3434 βιοῦντι

294 3479 621 3558 καταδεδουλωμένος.

339 3597 445 3665 Clem.
471 3596 569 3664 Alex.
593 3596 719 3664 Strom.
744 3597 826 3678 VII,
849 3596 889 3677 4,
913 3596 967 3664 26.
994 3604 1030 3664 Οί
1050 3606 1140 3664 αῦτοί
1160 3601 1276 3663 δὀῦτοι
1288 3609 1355 3665 πᾶν
1367 3603 1465 3678 ξύλον

294 3735 348 3790 καί
371 3730 476 3789 πάντα
498 3728 615 3803 λίθον,
640 3730 674 3788 τὸ
693 3726 732 3805 δη
751 3727 943 3806 λεγόμενον,
964 3727 1106 3810 λιπαρὸν
1125 3732 1375 3808 προσκυνοῦντες
1394 3729 1465 3809 ἔρια

294 3857 400 3935 πυρροί
423 3860 477 3914 καί
497 3852 587 3914 διλῶν
605 3850 760 3934 χόνδρους
778 3858 832 3912 καί
846 3850 960 3933 δᾷδας,
976 3851 1115 3912 σκίλλαν
1127 3872 1158 3912 τε
1169 3857 1225 3911 καῖ
1235 3852 1330 3911 θεῖον
1342 3848 1464 3911 δεδίασι

294 3981 373 4059 πρὸς
413 3982 474 4037 τῶν
515 3981 635 4056 νοητῶν
676 3975 977 4055 καταχοητευθέντες
1019 3979 1099 4035 κατά
1141 3996 1228 4047 τινας
1261 3976 1466 4057 ἀκαθάρτους

293 4101 492 4182 καθαρμούς.

339 4216 528 4304 Cipporum
570 4221 688 4284 autem
727 4221 761 4282 et
796 4216 956 4304 stipitum
990 4220 1186 4282 erectorum
1221 4215 1336 4283 cultus
1370 4215 1465 4283 hisce

294 4340 378 4407 locis
401 4339 562 4406 universe
586 4344 896 4407 commemoratur:
1354 4408 1356 4411 ,

340 4462 446 4530 Clem.
480 4462 576 4529 Alex.
607 4463 719 4529 Protr.
751 4462 817 4546 IV,
846 4461 901 4528 46.
925 4467 1031 4532 καλαί
1052 4470 1113 4549 μὲν
1136 4473 1194 4532 οῦν
1214 4471 1245 4532 οἱ
1263 4465 1393 4533 Σκῦθαι
1410 4474 1464 4531 τὸν
