3442 5175
815 397 878 466 115

303 593 343 660 In
372 600 478 684 Ἥρας
507 595 587 662 fano
618 595 713 662 vitex
744 614 843 662 sacra
876 600 948 662 erat
972 594 1037 662 sub
1061 615 1131 683 qua
1156 593 1221 663 dea
1245 599 1328 662 nata
1351 615 1426 662 esse
1517 615 1519 617 ·

257 718 475 787 credebatur.
496 719 545 787 Of.
565 740 671 808 supra
689 719 722 786 ΙΙ
735 718 835 807 a‚7‚§
852 718 915 786 114
929 719 1036 806 (Paus
1049 717 1113 787 VII
1126 717 1157 803 4,
1170 718 1202 804 4,
1217 717 1298 785 VIII
1311 716 1365 804 23,
1378 720 1426 803 5).

304 969 322 1057 ἕ
345 967 421 1037 155.
447 967 536 1060 [11].
561 969 762 1038 Plataeis
786 973 916 1060 (Ἥρα).

304 1094 405 1163 Paus.
437 1095 486 1162 IX
516 1094 555 1176 3,
587 1094 619 1162 4.
649 1102 782 1182 'Arcum
810 1101 844 1162 δὲ
867 1104 948 1163 οὕτω
972 1105 1027 1180 τὴν
1050 1102 1160 1183 ἑορτάν
1185 1100 1234 1178 (τά
1259 1097 1425 1175 Δαίδαλα).

257 1224 377 1309 ὅρομός
405 1229 490 1289 ἐστιν
514 1226 765 1305 Ἀλαλκομενῶν
789 1229 828 1288 οὐ
850 1228 967 1309 πόρρω·
992 1227 1125 1305 μέγιστα
1147 1231 1209 1287 τῶν
1231 1228 1266 1286 ἐν
1287 1224 1427 1308 Βοιωτίᾳ

257 1351 391 1432 στελέχη
423 1351 527 1435 ὅρνῶν
556 1354 641 1415 ἐστιν
670 1353 821 1414 ἐνταῦθα.
854 1354 886 1424 ἐς
915 1357 1024 1413 τοῦτον
1055 1356 1086 1413 οί
1117 1350 1294 1423 Πλαταιεῖς
1316 1353 1427 1431 άφικά·

256 1497 351 1554 μενοι
372 1479 436 1538 ’τὸν
466 1476 588 1560 ὅρομόν
610 1479 814 1560 προτίθενται
836 1481 953 1559 μοίρας
974 1482 1075 1559 κρεῶν
1098 1477 1218 1555 ἑφθῶν.
1244 1476 1372 1558 ὄρνιθες
1395 1473 1429 1534 tlt

258 1604 291 1661 οί
321 1604 382 1680 μὲν
414 1602 513 1663 ἄλλοι
545 1606 655 1682 σφίσιν
684 1604 796 1681 ἥκιστά
827 1604 889 1662 είσι
920 1599 961 1662 ὅι’
985 1601 1097 1681 ὄχλον,
1132 1607 1194 1662 τῶν
1215 1602 1361 1682 κοράκων
1384 1597 1427 1674 δὲ,

258 1728 346 1787 οὗτοι
369 1731 430 1810 γάρ
452 1730 562 1807 σφίσιν
584 1728 799 1806 ἐπιφοιτῶσιν,
824 1727 956 1806 ἔχουσιν
979 1725 1096 1807 ἀκριβῆ
1118 1729 1173 1802 τὴν
1196 1726 1349 1807 φρουράν·
1375 1729 1429 1785 τὸν

259 1847 294 1908 ne
327 1852 432 1911 αὐτῶν
464 1852 655 1934 ἁρπάσαντα
689 1852 791 1933 κρέας,
827 1846 940 1931 ἐφ’άτῳ
974 1857 1035 1913 τῶν
1066 1848 1203 1933 ὅὲνὸρων
1234 1848 1427 1926 καθεδεῖται,

259 1973 491 2052 φυλάσσουσιν.
524 1975 615 2056 ἐφόὗ
638 1972 710 2037 δ’άν
732 1977 883 2058 κατεσθῇ,
904 1978 1046 2055 τεμόντες
1065 1980 1215 2037 ποιοῦσιν
1234 1977 1299 2036 άπὸ
1319 1979 1429 2037 τούτου

257 2100 294 2159 τί
324 2093 498 2162 ίαίάαλονῖ
516 2098 674 2163 ὅαίάαλον
696 2106 758 2184 γάρ
780 2100 819 2180 ὀὴ
841 2108 896 2164 καί
920 2106 954 2164 τὸ
977 2105 1095 2179 ξόανον
1118 2104 1196 2163 αὐτὸ
1219 2102 1427 2180 ὀνομάζουσι.

304 2341 321 2430 §
344 2340 420 2409 156.
446 2341 533 2435 [12].
559 2343 621 2411 Ad
645 2344 895 2433 Syracusas
918 2350 1079 2434 (Ἀρτιμις
1101 2348 1287 2426 Φακελῑτις).

304 2465 406 2535 Prcb.
431 2468 526 2557 Virg.
552 2468 668 2537 Bucel.
694 2490 725 2557 p.
750 2467 772 2536 3
795 2469 882 2536 Keil.
903 2469 971 2537 um
991 2480 1136 2537 vexatus
1157 2468 1329 2559 (Orestes)
1349 2489 1428 2538 cum

260 2591 428 2660 Tauricae
470 2593 687 2683 Iphigeniam
729 2595 935 2683 reperisset,
970 2596 1066 2662 veuit
1100 2596 1144 2663 ad
1178 2596 1264 2664 fines
1299 2597 1429 2685 Rhegi·
1563 2612 1567 2616 ·

259 2736 385 2784 norum
420 2716 541 2807 ibique
563 2719 705 2786 invente
729 2718 874 2786 flumine
898 2719 1014 2788 elutus
1036 2720 1175 2788 traiecit
1197 2723 1234 2788 in
1258 2721 1429 2804 Siciliam,

259 2847 295 2909 et
328 2842 427 2910 iuxta
461 2841 651 2930 Syracusas
681 2842 814 2910 samnio
845 2843 1049 2942 admonitus
1075 2845 1302 2915 simulacrum
1327 2846 1429 2923 deae,
1508 2830 1511 2836 ⁵

259 2967 353 3056 quod
388 2986 507 3035 secum
539 2965 581 3034 de
613 2967 762 3035 Taurica
791 2967 997 3053 advexerat,
1021 2970 1150 3060 templo
1174 2971 1285 3059 posite
1309 2992 1429 3039 conse-

258 3091 387 3177 cravit,
412 3112 520 3180 quam
543 3091 730 3180 appellavit
750 3092 930 3181 Facelitim
947 3094 1019 3161 sive
1039 3095 1132 3182 quod
1151 3095 1243 3163 fasce
1256 3095 1431 3185 lignorum

257 3220 392 3283 tectum
417 3215 459 3283 de
484 3216 633 3284 Taurica
652 3217 878 3286 simulacrum
899 3218 1089 3287 extulisset.
1110 3220 1193 3289 Eius
1206 3221 1290 3289 deae
1303 3243 1429 3290 numen

258 3339 357 3412 brevi
392 3341 640 3430 adprobatum,
672 3348 813 3432 propter
844 3343 938 3433 quod
970 3344 1121 3434 plurima
1143 3366 1269 3434 pecora
1292 3349 1431 3416 muneri

259 3465 408 3554 quisque
443 3467 662 3537 conferebat.
678 3519 685 3534 .
700 3520 729 3537 ..
766 3468 927 3537 Facelitis
957 3474 1074 3538 autem
1110 3471 1241 3539 Dianae
1275 3471 1431 3541 Lucilius

259 3610 399 3679 queque
421 3591 459 3658 in
482 3593 586 3660 tertie
611 3592 798 3662 satirarum
820 3595 980 3663 meminit
1003 3596 1068 3662 sic:

835 3746 880 3813 Et
902 3767 1004 3835 saepe
1028 3747 1121 3835 quod
1144 3752 1225 3815 aute

393 3867 530 3957 Optasti
552 3869 642 3937 freta
666 3870 861 3953 Messanae,
886 3871 1045 3960 Rhegina
1068 3871 1202 3941 videbis

394 3992 546 4073 Moenia,
570 3998 647 4062 tum
672 3994 833 4083 Liparas,
858 3995 1041 4065 Facelinae
1064 3998 1195 4086 templa
1218 3998 1361 4066 Dianae.
