3442 5175
827 398 872 463 83

265 593 416 681 aliquem
435 598 652 662 exsecrantes
664 593 860 694 cumulent3
877 594 1088 682 quicumque
1102 593 1267 681 praeterit
1278 592 1428 681 lapidem

265 717 307 783 ad
332 724 464 786 struem
489 718 617 803 adiicit,
642 718 776 786 dicens:
801 738 980 786 »exsecror
1003 718 1104 786 eum”
1120 720 1166 807 1);
1191 718 1313 786 Graeci
1325 718 1430 806 prisci

265 843 338 910 cius
351 821 511 932 opinione
522 842 732 931 lapidatione
751 843 810 910 illa
822 843 1010 931 symbolica
1024 843 1198 910 hominem
1212 847 1428 910 exsecratum

267 974 368 1058 Ἑρμῇ
387 978 513 1056 χθονίῳ
534 969 607 1037 sive
626 979 766 1057 νοιόχῳ,
787 967 917 1035 vindici
936 967 1071 1053 diuino,
1093 967 1316 1051 dedicabant3
1330 965 1430 1033 affert

265 1093 439 1161 Eustathii
454 1095 561 1162 verba
574 1094 631 1180 (ad
644 1093 707 1162 Od.
719 1123 743 1161 τι
754 1092 830 1178 471,
844 1092 923 1160 vide
935 1094 1071 1181 supra):
1084 1099 1260 1176 βάλλοντες
1271 1103 1341 1159 οιον
1353 1100 1428 1158 ἐνεῖ-

265 1246 322 1285 νον
342 1225 468 1301 λίθοις,
493 1224 533 1287 ut
556 1218 715 1286 ostendat
738 1239 775 1285 re
796 1239 879 1286 vera
898 1217 990 1306 apud
1017 1217 1165 1285 Graecos
1184 1216 1429 1305 lapidationem

266 1342 488 1429 symbolicam
503 1344 683 1411 exstitisse.
697 1344 821 1411 Postea
833 1348 950 1411 autem
961 1395 969 1428 ‚
982 1364 1061 1412 cum
1075 1349 1194 1433 Ἑρμῆς
1206 1344 1281 1413 aliis
1293 1365 1430 1432 quoque

266 1468 467 1537 muneribus
490 1469 700 1559 fungebatur
719 1474 754 1537 et
773 1469 846 1536 vias
867 1468 1085 1557 viatoresque
1103 1470 1195 1537 tueri
1207 1469 1429 1550 credebatur,

266 1591 442 1680 congeries
472 1592 551 1661 illae
574 1594 648 1662 eius
672 1593 795 1661 altaria
818 1593 965 1678 fiebant,
989 1593 1204 1682 lapidesque,
1227 1594 1308 1661 olim
1332 1614 1432 1662 exse«
1457 1583 1460 1588 ’

266 1716 429 1784 orationis
448 1738 553 1804 causa
571 1718 615 1785 ad
636 1740 693 1786 eas
712 1719 856 1800 adiecti,
877 1739 970 1787 nunc
990 1739 1053 1807 pro
1073 1718 1206 1787 colendi
1226 1720 1298 1787 ritu
1310 1721 1430 1788 eodem

266 1841 367 1908 modo
379 1862 399 1909 a
411 1844 713 1931 praetereuntibus
725 1845 767 1912 iis
782 1845 1037 1913 iniiciebantur.
1053 1844 1218 1911 Attamen
1231 1865 1300 1913 non
1312 1866 1431 1913 omnes

266 1967 434 2035 eiusmodi
453 1969 568 2036 acervi
583 1989 664 2036 arae
676 1970 787 2037 factae
799 1975 899 2055 sunt,
916 1970 975 2038 sed
988 1970 1115 2058 partim
1128 1990 1266 2059 quoque
1278 1970 1431 2058 priscum

266 2112 404 2161 sensum
434 2094 673 2179 retinuerunt,
703 2095 793 2183 quod
827 2095 1039 2163 Graecorum
1063 2095 1309 2163 hodiernorum
1333 2114 1432 2162 exse·

266 2217 386 2284 orandi
410 2218 532 2287 modus
549 2219 689 2288 indicat.
714 2220 813 2299 Quod
833 2221 876 2287 ad
897 2220 1029 2309 lapides
1049 2221 1174 2288 attinet
1193 2221 1229 2287 in
1250 2221 1431 2290 hominum

265 2341 527 2413 interfectorum
545 2346 711 2414 honorem
724 2352 915 2436 congestos
927 2346 953 2413 ii
964 2365 1102 2434 quoque
1111 2345 1302 2414 Schmidtio
1310 2347 1431 2435 priscis

264 2468 481 2556 temporibus
509 2470 741 2540 interfectoris
768 2471 969 2540 exsecrandi
1000 2492 1103 2541 causa
1126 2471 1335 2539 accumulati
1358 2492 1431 2540 esse

265 2594 438 2663 videntur.

310 2720 327 2808 ς
351 2718 404 2789 78.
428 2721 558 2789 Preller
581 2730 700 2811 ἑρμαῑοι
723 2728 846 2811 Ἑρμῆν
869 2722 949 2790 inde
973 2743 993 2789 a
1016 2722 1130 2810 prisca
1154 2725 1267 2789 aetate
1290 2741 1429 2810 reprae-

265 2851 418 2913 sentasse
449 2847 625 2913 existimat
638 2848 684 2936 ²),
716 2867 829 2936 neque
859 2846 1073 2935 segreganda
1104 2865 1177 2914 csse
1208 2866 1228 2912 a
1259 2844 1431 2932 lapidibus

266 2973 397 3056 unctiS,
429 2972 471 3038 de
502 2971 629 3060 quibus
661 2972 920 3061 Theophrastus
951 2971 1124 3059 loquitur3
1157 2971 1213 3036 »in
1237 2967 1431 3037 Griechen-

266 3096 380 3182 land'’‚
408 3096 540 3184 inquit,
570 3095 759 3164 »erhielten
792 3098 839 3164 sie
867 3096 940 3163 sich
965 3115 1022 3162 am
1045 3095 1205 3184 ltingsten
1228 3115 1272 3161 an
1298 3094 1429 3162 Kroua-

266 3242 404 3310 wegen,
446 3221 564 3288 indem
603 3221 701 3309 jeder
734 3220 1049 3309 Voriibergehende
1083 3221 1184 3288 einen
1219 3219 1315 3288 Stein
1350 3220 1429 3287 hin-

266 3346 401 3415 zuwars
430 3346 513 3414 oder
543 3346 611 3413 den
634 3345 860 3413 Steinhaulen
884 3346 949 3412 mit
971 3345 1033 3413 Oel
1057 3345 1165 3413 salbte
1189 3345 1272 3412 oder
1295 3344 1430 3411 Kranae

266 3471 338 3538 und
362 3470 500 3538 Bander
530 3470 601 3538 und
636 3469 765 3537 allerlei
797 3469 970 3558 Erstlinge
1003 3469 1242 3538 darbrachte.'’
1273 3468 1431 3536 Schmidt

267 3616 404 3684 quoque
435 3605 554 3685 ἕρματα
581 3595 669 3663 nihil
700 3595 794 3664 aliud
825 3595 931 3663 fuisse
954 3596 1117 3684 opinatur
1139 3616 1243 3684 quam
1274 3601 1431 3683 λιπαροὺς

266 3729 381 3801 λίθους
422 3733 492 3800 τοὺς
533 3730 569 3788 ἐν
607 3734 674 3800 ταῖς
709 3726 852 3809 ιριόόοις,
894 3718 1083 3808 (Theophr.
1120 3718 1220 3786 Char.
1258 3718 1334 3804 16),
1370 3718 1431 3806 qui

304 4038 323 4103 ¹)
349 4036 391 4089 cf.
416 4035 549 4089 Sakellan
574 4032 722 4105 Koupron.
746 4034 845 4086 1144:
865 4030 1184 4103 ἀναθθεματοόριν,τό·
1205 4032 1339 4104 ἀνάθεμα
1358 4050 1430 4086 ιιοιν.

267 4120 327 4193 ἤτοι
355 4127 445 4196 σωρὸς
477 4120 575 4177 λίθων
603 4124 849 4194 σχηματιζόμενος
877 4124 933 4174 ὑπὸ
961 4124 1016 4174 τῶν
1042 4127 1175 4192 χωριιιῶν
1193 4122 1302 4190 (Cypri)
1321 4125 1353 4174 ἐν
1370 4128 1431 4187 ταῖς
1464 4122 1465 4125 ’

268 4213 387 4283 τριόδοις
405 4215 477 4284 πρὸς
494 4214 612 4265 αἰώνιον
631 4211 869 4283 ἀναθεματισςιὸν
888 4218 935 4263 τοῦ
955 4211 1142 4279 ἀδικήσαντος
1160 4212 1269 4277 αὐτούς.

304 4309 325 4374 2)
343 4310 581 4375 Preller-Robert‚
601 4309 647 4362 Gr.
667 4309 779 4378 myth*
795 4310 809 4361 I
826 4310 892 4373 386,
909 4311 939 4362 ὅτ
957 4309 1024 4374 „wie
1043 4307 1115 4359 donn
1131 4307 1175 4359 die
1191 4312 1304 4378 ἑρμαῖα,
1315 4311 1430 4377 ἐρςιαῖοι

268 4396 362 4467 λόφοι,
390 4400 520 4469 ἔρμαιιες,
554 4398 598 4450 die
632 4398 730 4450 dlteste
761 4398 1067 4465 Vergegenua'rtiguug
1095 4396 1142 4447 des
1169 4397 1284 4448 Hermes
1312 4392 1429 4447 waren.''

269 4484 310 4537 cf.
328 4486 431 4538 ibidem
450 4503 476 4554 p.
495 4488 555 4538 401.
