3442 5175
854 367 921 435 188

346 558 405 649 18)
434 561 631 649 Amycus.

301 683 326 752 C
346 682 376 750 1.
400 683 440 751 In
465 685 575 753 Ponto
779 688 932 773 haurne,
952 689 990 755 in
1010 688 1137 778 Amyci
1155 690 1292 759 tomulo
1304 698 1379 760 sata

815 812 1379 905 atqueinsanavocata,quoniam,

815 938 845 1005 si
857 937 942 1026 quid
954 959 996 1006 ex
1009 959 1049 1006 ea
1061 939 1266 1028 decerptum
1278 943 1378 1009 navi·
1507 920 1511 926 ⁸

816 1063 882 1130 bus
901 1062 1100 1156 inferretur,
1118 1064 1232 1154 iurgia
1245 1065 1379 1152 fierent,

817 1187 926 1256 donec
950 1187 1169 1257 abiiceretur.
1402 1192 1469 1261 131

777 1313 934 1381 Laurum
957 1313 1094 1380 nummi
1114 1312 1296 1403 Byzantini
1317 1337 1378 1384 ex-

824 1437 957 1506 hibent.
1403 1441 1468 1511 131

778 1563 875 1632 cista
893 1563 1122 1632 Praenestina
1148 1565 1378 1655 Polydeucem

824 1688 1001 1778 Amycum
1031 1690 1075 1757 ad
1110 1690 1270 1760 arborem
1302 1692 1379 1760 alli-

821 1817 964 1902 gantem
988 1814 1139 1883 exhibeb

346 2116 403 2202 49)
430 2118 640 2206 Marsyae.

299 2239 326 2307 G
346 2239 378 2308 1.
401 2240 442 2308 In
477 2243 616 2330 regione
648 2240 756 2310 Aulo·
777 2240 945 2311 Platanos
965 2264 983 2310 e
1003 2264 1074 2331 qua
1096 2251 1268 2315 Ἀπόλλων
1289 2246 1380 2313 Mar·

443 2385 547 2433 crena
823 2386 922 2456 syam
946 2367 1183 2456 suspenderat.
1403 2369 1470 2438 140

343 2687 402 2778 50)
428 2687 692 2778 Hyperoehe
724 2693 766 2757 et
799 2686 1002 2755 Laodice.

301 2814 326 2882 C
345 2813 377 2881 1.
401 2813 476 2882 Deli
776 2812 860 2882 Olea
883 2813 920 2880 in
945 2833 1066 2881 earum
1091 2813 1249 2902 sepulcro
1274 2820 1359 2883 sata.
1403 2814 1470 2884 132

343 3133 403 3224 51)
428 3135 462 3202 Μ
474 3135 620 3224 yrrha.

300 3259 326 3327 C
347 3259 378 3326 2.
404 3258 632 3348 Aphrodisiae
778 3258 893 3326 Arbor
923 3259 958 3325 in
984 3279 1090 3347 quam
1116 3258 1260 3346 Myrrha
1283 3281 1380 3329 oom-

823 3388 959 3451 mutata
983 3388 1068 3450 erat.
1403 3386 1471 3456 166

399 3510 519 3599 Myrae
776 3508 891 3576 Arbor
922 3509 1088 3596 inquam
1113 3456 1264 3599 Myrrha
1282 3531 1379 3578 eom-

823 3638 959 3702 mutata
982 3638 1057 3702 erat
1070 3635 1128 3721 (1).
1402 3635 1471 3704 195

344 3948 401 4034 52)
426 3948 644 4016 A'dranus.

301 4075 329 4142 1)
348 4073 379 4141 1.
402 4073 536 4142 Adrani
780 4071 891 4140 Canes
914 4072 1002 4140 sacri
1027 4073 1118 4139 circa
1142 4071 1378 4141 Adranitem-

822 4195 919 4285 plum
943 4195 1079 4263 nutriti.
1401 4198 1466 4267 251

301 4324 368 4394 [12
392 4323 608 4391 Mamertinis
779 4321 925 4390 Nummi
959 4320 1265 4388 Mamertinorum:
1300 4321 1377 4388 adv.

823 4443 957 4512 Adrani
981 4448 1104 4532 eaput,
1128 4464 1181 4511 av.
1205 4443 1312 4512 canis.
1428 4497 1443 4530 „
