3442 5175
769 410 835 479 249

224 603 396 693 gradatim
432 625 452 671 a
485 604 669 677 fetissismo
702 605 745 673 ad
777 605 1005 674 idololatriam
1040 609 1216 676 transiisse
1250 613 1376 699 neget?

130 721 132 726 ’
225 728 401 797 Ouerbeck
432 749 459 796 c.
480 750 505 797 s.
536 730 612 798 ideo
643 735 782 799 tantum
808 731 877 822 hoo
906 730 1091 799 concedere
1122 731 1261 818 nolunt,
1295 736 1377 824 quia

224 858 463 943 praeposterae
492 853 542 921 illi
564 854 716 943 opinioni
739 855 874 940 favent,
897 855 1062 940 artifices,
1093 859 1251 946 quamvis
1274 860 1377 929 rudes

224 984 354 1064 essent,
390 979 507 1046 statim
540 983 659 1046 tamen
693 979 876 1047 simulacra
906 981 1041 1068 integra
1072 981 1184 1049 facere
1213 983 1376 1073 voluisse,

223 1084 337 1192 neque
356 1123 522 1192 umquam
542 1104 653 1192 capite
671 1108 810 1171 tantum
830 1105 1052 1193 exprimendo
1073 1081 1251 1175 contentos
1263 1108 1377 1177 fuisse.

224 1229 337 1295 Hocce
368 1228 460 1294 enim
483 1247 599 1295 errore
622 1227 666 1295 ad
688 1228 896 1295 sententiam
918 1229 1077 1317 perducti
1100 1235 1199 1317 sunt,
1223 1230 1377 1320 lapidum

224 1357 259 1420 et
289 1352 445 1441 stipitum
473 1351 606 1419 cultum
641 1351 727 1418 nihil
760 1352 803 1418 ad
833 1352 1062 1421 idololatriam
1093 1355 1309 1442 pertinuisse,
1338 1362 1378 1424 ut

224 1475 339 1544 nullus
362 1476 405 1544 ab
429 1475 536 1543 altero
559 1475 602 1542 ad
625 1474 769 1544 alteram
792 1478 959 1545 transitus
978 1497 1050 1545 esse
1070 1483 1193 1566 posset.
1213 1478 1378 1549 Attamen

224 1601 379 1670 oblivisci
407 1606 468 1669 aut
497 1602 628 1669 nescire
651 1602 822 1687 videntur,
846 1622 908 1691 per
928 1607 1041 1671 totum
1065 1603 1182 1671 orbem
1205 1609 1378 1673 terrarum

224 1726 392 1807 eiusmodi
420 1726 587 1794 transitus
617 1725 772 1815 exempla
801 1727 964 1816 reperiri,
999 1728 1210 1818 populosque
1232 1731 1379 1800 incultos
1406 1753 1408 1756 ·

224 1851 305 1919 huic
329 1871 466 1940 quoque
490 1850 682 1939 quaestioni
705 1850 918 1940 splendidam
940 1850 1052 1920 lucem
1076 1852 1207 1921 afferre.

268 1976 286 2065 ᾗ
308 1974 361 2043 55.
386 1976 506 2064 Neque
528 1976 655 2045 mirum
679 1981 748 2061 est,
772 1977 908 2065 saepius
932 1998 1076 2066 parvam
1095 1982 1233 2047 tantum
1254 1980 1379 2047 discre-

224 2101 380 2192 pantiam
403 2120 476 2168 esse
498 2100 590 2167 inter
613 2100 770 2170 fetissum
792 2105 827 2168 et
848 2100 998 2189 idolum,
1021 2123 1102 2170 nam
1124 2102 1260 2171 utillud
1273 2104 1380 2171 animi

226 2224 348 2291 domus
382 2223 547 2308 habetur,
582 2225 631 2292 ita
664 2225 728 2293 hoc
762 2246 901 2315 quoque
933 2226 1138 2316 plerumque
1170 2248 1240 2294 non
1269 2228 1380 2297 solum

226 2348 282 2416 dei
314 2347 458 2417 alicuius
490 2350 621 2438 imago,
658 2330 717 2417 sed
751 2350 855 2418 etiam
890 2351 964 2419 eius
998 2351 1095 2419 sedes
1125 2371 1198 2419 esse
1227 2356 1380 2440 putatur.

227 2472 445 2562 Quamquam
475 2473 567 2540 enim
598 2493 860 2563 nonnumquam
889 2474 1072 2543 simulacra
1103 2475 1188 2542 nihil
1212 2480 1292 2543 sunt
1315 2477 1382 2544 nisi
1484 2544 1486 2548 .

198 2689 201 2694 ι
226 2597 410 2686 imagines,
435 2597 679 2687 undecumque
701 2603 818 2668 tamen
841 2598 998 2689 exempla
1022 2598 1138 2667 afferri
1160 2605 1317 2689 possunt,
1341 2621 1381 2668 ea

227 2722 379 2789 animata
401 2722 606 2812 divinaeque
629 2725 808 2813 potestatis
831 2723 933 2813 plena
949 2723 1080 2792 haberi.
1100 2724 1240 2791 Homini
1251 2724 1391 2793 inculto·

226 2847 317 2915 inter
339 2847 551 2916 similacrum
571 2854 605 2916 et
617 2869 706 2925 eum,
720 2849 818 2917 cuins
829 2850 944 2938 imago
959 2849 1141 2917 simulacro
1154 2849 1381 2937 exprimitur,

227 2977 267 3041 ut
285 2971 375 3040 inter
395 2993 520 3041 nomen
544 2979 699 3058 etcum,
722 2974 778 3041 oui
801 2974 835 3041 id
860 2995 985 3042 nomen
1008 2974 1129 3042 datum
1152 2979 1222 3055 est,
1248 2979 1382 3042 certum

228 3097 400 3186 quoddam
434 3102 539 3186 atque
574 3098 713 3167 firmum
748 3098 925 3167 vinculum
958 3119 1031 3167 esse
1061 3099 1216 3181 videtur3
1246 3119 1315 3187 qua
1345 3118 1383 3166 re

228 3223 411 3290 essentiam
434 3227 469 3290 et
489 3223 679 3311 potentiam
702 3223 775 3306 dei,
799 3224 897 3292 ouius
918 3224 1032 3312 imago
1054 3223 1144 3291 idolo
1168 3224 1381 3312 exprimitur,

227 3346 264 3413 in
286 3346 376 3415 idolo
399 3347 473 3435 ipso
496 3347 614 3415 adesse
636 3353 746 3436 putat.
781 3348 832 3416 Ita
863 3348 955 3416 idem
980 3347 1128 3430 idolum,
1152 3348 1245 3438 quod
1268 3348 1383 3415 minus

227 3471 331 3538 rudes
355 3471 511 3539 homines
527 3471 721 3559 symbolum
741 3473 796 3541 dei
815 3472 960 3556 habent,
983 3471 1134 3541 incultae
1147 3472 1256 3539 menti
1268 3472 1383 3560 ipsum

227 3594 312 3663 illud
334 3595 491 3664 divinum
515 3596 691 3691 continere
713 3598 851 3666 videtur
868 3599 907 3688 1).

265 3867 285 3932 ¹)
301 3865 452 3933 Ohcntepic
469 3865 502 3919 de
520 3866 548 3918 la
568 3865 713 3936 Saussaye,
733 3867 823 3936 Relig.
840 3868 931 3936 gesch.
951 3867 977 3918 Ι1
996 3869 1045 3932 54;
1064 3866 1156 3934 Tylor,
1175 3865 1259 3932 Early
1277 3865 1384 3932 history

228 3955 258 4005 of
283 3955 416 4006 mankind
441 3972 467 4023 p.
494 3955 558 4008 119:
585 3956 664 4023 ,Man
689 3957 719 4007 in
745 3974 762 4008 a
786 3957 838 4007 low
863 3960 939 4025 stage
958 3956 989 4007 of
1005 3956 1127 4020 culture,
1146 3970 1212 4021 very
1231 3953 1384 4020 commonly

229 4043 347 4096 believes
375 4045 435 4095 thot
459 4044 581 4096 between
596 4032 647 4097 'the
666 4045 755 4112 object
773 4045 827 4097 and
846 4046 893 4096 the
912 4046 1001 4112 image
1020 4045 1097 4096 there
1115 4043 1139 4094 is
1159 4059 1176 4094 a
1194 4043 1252 4094 real
1271 4058 1384 4093 connec-

229 4133 301 4198 tion,
321 4134 413 4185 which
432 4133 495 4185 does
514 4136 561 4184 not
580 4134 651 4185 arisc
670 4134 741 4185 from
759 4150 776 4185 a
794 4150 867 4186 mere
877 4133 1029 4200 subjective
1039 4148 1164 4201 progross
1174 4132 1204 4183 in
1215 4133 1261 4183 the
1271 4131 1347 4182 mind
1356 4131 1387 4182 of

229 4223 275 4274 the
294 4223 429 4288 observor,
448 4222 502 4274 and
521 4223 581 4273 that
600 4223 622 4273 it
642 4223 666 4274 is
684 4222 860 4291 accordingly
880 4222 998 4290 possible
1017 4225 1044 4273 to
1063 4221 1262 4272 communicate
1279 4237 1315 4272 an
1334 4221 1384 4272 im·

228 4313 350 4380 pression
369 4315 397 4363 to
415 4312 462 4364 the
480 4312 598 4380 original
618 4312 737 4380 through
758 4312 804 4362 the
823 4328 901 4378 copy.
921 4312 973 4362 We
991 4327 1055 4378 may
1072 4310 1164 4361 follow
1176 4310 1385 4362 thiserroneous

229 4400 314 4453 belief
330 4417 367 4468 up
385 4400 444 4452 into
462 4401 509 4452 tho
528 4400 636 4468 periods
654 4401 685 4451 of
701 4401 769 4469 high
785 4400 1019 4466 cirilization,its
1030 4402 1117 4452 traces
1130 4398 1273 4468 becoming
1284 4398 1385 4450 fainter

229 4506 260 4544 as
278 4489 422 4543 cduccticn
440 4487 599 4542 edwances.’'
619 4488 660 4542 Of.
680 4490 772 4558 Tylor,
791 4489 876 4541 Prim.
896 4488 969 4542 Oult.
989 4490 1020 4541 II
1041 4493 1090 4541 169
1110 4505 1169 4558 sqq.
