3442 5175
799 383 866 452 485

403 584 419 649 t
726 580 816 649 Galli
836 586 871 647 et
889 579 1100 668 gallinaceae
1121 579 1212 646 eirca
1227 584 1326 668 Ἡρα-

771 713 885 785 κλέους
893 709 928 772 et
940 710 1047 792 Ἥβης
1059 704 1179 772 fanum
1191 704 1325 772 nutriti.
1348 701 1416 771 245

292 857 349 944 30)
376 857 573 927 Orestes.

248 981 475 1072 A1.Gythii
732 981 879 1062 Saxum,
913 987 991 1060 Ζεὺς
1022 986 1207 1059 Καππώτας
1231 999 1327 1047 voca·

769 1112 858 1193 tum,
881 1106 919 1173 in
948 1124 1017 1194 quo
1041 1103 1163 1172 sedens
1187 1102 1327 1171 Orestes

768 1203 988 1320 resipuerat
1373 1228 1416 1296 47

349 1358 521 1427 Troezene
675 1349 680 1356 ’
727 1357 857 1426 Saxum
881 1376 1038 1441 sacrum,
1060 1355 1097 1422 in
1118 1376 1186 1444 quo
1205 1354 1329 1423 sedens

772 1481 912 1550 Orestes
936 1501 957 1547 a
981 1499 1107 1548 novem
1134 1479 1330 1548 Troezeniis

769 1607 939 1676 lustratus
964 1610 1026 1673 est.
1374 1604 1418 1673 48

350 1732 391 1800 In
408 1734 466 1800 via
480 1733 685 1822 Megalopoli
731 1739 894 1801 Δακτύλου
926 1744 1059 1816 uonna:
1088 1729 1218 1819 digitus
1241 1730 1338 1832 lapi-v

395 1858 576 1927 Messenen
588 1858 738 1926 ducente
773 1856 877 1940 deus,
920 1855 1003 1943 quia
1038 1854 1178 1924 Orestes
1212 1843 1334 1926 furens

769 1981 818 2049 ibi
842 1980 993 2068 digitum
1018 1980 1214 2069 abrasisset.
1373 1982 1419 2050 68

249 2108 327 2175 C‘l.
353 2109 524 2178 Troezene
726 2107 862 2175 Laurus
882 2124 971 2193 quae
984 2124 1026 2172 ex
1039 2104 1171 2175 Orestis
1184 2106 1330 2195 piaculis

769 2233 1024 2300 exsurrexerat.
1352 2229 1418 2297 136

295 2381 354 2473 31)
378 2383 534 2452 Manto.

254 2506 326 2575 Al.
352 2508 479 2577 Thebis
728 2507 859 2576 Saxum
880 2508 1006 2597 inquo
1027 2506 1164 2593 Manto,
1179 2506 1331 2575 Tiresiae

769 2633 858 2719 filia,
879 2632 1035 2718 sederat,
1057 2639 1209 2714 Μαντοῦς
1220 2638 1330 2723 δίφρος

772 2764 1025 2847 nuncupatum.
1374 2758 1420 2826 56

296 2910 354 3001 32)
378 2912 598 2982 Telamon.

254 3034 327 3103 At.
353 3036 526 3107 Salamine
728 3037 857 3105 Saxum
878 3037 914 3104 in
939 3056 1007 3125 qno
1029 3036 1195 3105 Telamon
1208 3038 1331 3107 sedens

773 3182 898 3230 navem
931 3161 1084 3231 filiorum
1115 3163 1224 3232 oculis
1249 3184 1330 3253 pro-

658 3280 661 3285 ’
773 3291 914 3355 seentns
937 3292 1022 3355 erat.

297 3434 356 3525 33)
382 3437 563 3506 Phocus.

254 3559 328 3627 Al.
352 3559 506 3649 Aeginae
730 3562 860 3631 Saxum
902 3583 971 3651 quo
1014 3562 1138 3631 Peleus
1173 3564 1329 3633 Phocum

775 3692 972 3775 necaverat,
996 3688 1032 3755 in
1053 3688 1161 3757 Phoci
1173 3689 1330 3778 sepulcro

776 3813 937 3901 positum.

297 3955 355 4043 34)
380 3956 585 4024 Theseus.

255 4080 328 4148 At.
353 4080 391 4148 ln
436 4082 494 4148 via
535 4081 706 4149 Troezene
730 4080 879 4167 Saxum,
899 4092 998 4173 πέτρα
1019 4089 1144 4172 Θησέως
1157 4090 1330 4171 vocatum,

402 4205 618 4273 Hermionen·
639 4205 709 4275 du-
777 4207 859 4295 qnia
872 4207 1030 4296 crepidas
1042 4213 1078 4276 et
1090 4229 1209 4277 ensem
1223 4208 1331 4298 Aegei

397 4334 506 4397 cente.
774 4330 837 4400 sub
871 4350 910 4398 eo
942 4330 1100 4401 abditum
1133 4333 1329 4404 sustulisset

773 4456 936 4524 Theseus.
