3442 5175
863 406 908 473 24

299 602 444 690 lapideis
464 623 484 669 a
504 602 644 670 Semitis
664 602 816 670 adoratis
836 602 971 669 huncce
987 623 1128 669 sensum
1141 602 1320 688 attribuit3
1341 603 1470 671 Trum-

299 724 372 792 bull
386 727 411 811 1)
436 747 563 793 conum
587 725 716 814 ubique
741 726 777 792 in
800 724 944 792 Oriente
968 725 1078 792 virilis
1102 726 1353 812 procreationis
1372 747 1470 815 sym-

299 849 417 917 bolum
441 849 546 917 fuisse
569 870 632 938 pro
655 854 750 916 certo
774 849 912 932 statuit,
942 849 998 915 W.
1024 849 1201 917 Schwartz
1214 851 1242 939 2)
1267 870 1336 918 non
1357 849 1475 918 solum·

299 973 412 1041 eidem
443 974 598 1062 opinioni
628 973 738 1054 favet,
768 973 827 1040 sed
851 974 958 1040 etiam
982 992 1103 1040 omnes
1125 973 1292 1042 obeliscos
1316 980 1351 1042 et
1374 974 1471 1063 palos

299 1117 339 1165 eo
362 1097 464 1164 modo
484 1098 754 1185 interpretatur,
775 1099 836 1187 qui
856 1098 998 1186 quidem
1010 1096 1256 1186 symbolismus
1268 1100 1300 1166 ei
1313 1100 1470 1168 nondum

299 1221 383 1287 satis
413 1226 482 1288 est:
515 1220 669 1309 phallus,
700 1222 834 1311 inquit,
866 1227 1002 1289 erectus
1034 1222 1141 1289 solem
1168 1224 1339 1291 orientem
1363 1225 1470 1311 signi-

299 1345 389 1412 ficat.
422 1345 478 1412 Sic
509 1343 598 1412 alius
627 1344 695 1411 alio
726 1353 1000 1435 ovpssotruuzspog
1019 1351 1089 1430 est,
1115 1351 1150 1413 et
1173 1347 1304 1435 optime
1327 1348 1364 1415 in
1388 1369 1469 1436 per·

298 1470 426 1538 multos
448 1470 657 1557 interpretes
681 1469 860 1557 egregium
885 1468 971 1536 illud
995 1468 1230 1539 Goethianum
1254 1472 1362 1539 cadit:
1389 1472 1470 1540 »Ihr

297 1594 369 1683 legt
392 1594 489 1662 nieht
513 1614 593 1679 ans,
616 1592 941 1681 111010311110010.υ

342 1719 360 1807 ἓ
390 1717 444 1786 29.
481 1718 675 1786 Robertson
707 1717 863 1805 81011113)
896 1717 1071 1786 doctrinas
1102 1719 1191 1786 tales
1222 1740 1299 1787 mea
1326 1721 1469 1810 quidem

298 1844 459 1932 opinione
491 1842 683 1910 rectissime
714 1842 835 1909 reiecit
866 1847 971 1930 atque
1001 1842 1186 1927 refutavit;
1217 1844 1247 1911 si
1274 1845 1367 1911 enim
1391 1846 1469 1912 coni

298 1987 368 2034 non
392 1966 473 2033 deos
496 1970 653 2050 tantum,
677 1964 737 2032 sed
761 1966 867 2032 etiam
887 1965 969 2032 deas
989 1972 1263 2055 repraesentant,
1284 1971 1469 2057 quomodo

297 2090 405 2180 phalli
425 2111 499 2158 esse
518 2090 687 2177 possenti
708 2090 831 2177 Neque
845 2090 1069 2158 minnsrecte
1082 2091 1249 2178 aliorum,
1263 2094 1325 2181 qui
1337 2093 1470 2181 lapides

298 2215 442 2284 deorum
473 2215 660 2282 simulacra
692 2235 766 2282 esse
797 2219 924 2303 putant
937 2215 976 2302 4),
1001 2216 1200 2303 opinionem
1223 2217 1409 2307 impugnat
1421 2220 1468 2309 ⁵),

335 2434 356 2496 1)
381 2432 525 2484 Trumbull
550 2432 596 2482 l.l.
617 2449 642 2498 p.
670 2435 734 2482 231:
763 2432 843 2497 ,The
858 2448 925 2483 cone
944 2433 968 2482 is
987 2448 1037 2484 one
1056 2435 1088 2484 of
1104 2434 1151 2486 the
1171 2435 1364 2487 couventional
1384 2439 1469 2491 forms

297 2523 328 2574 oi
354 2522 401 2572 the
426 2522 551 2589 phallus,
573 2521 730 2588 worshiped
749 2537 778 2573 as
798 2538 814 2573 a
834 2521 941 2590 symbol
960 2523 989 2573 in
1009 2523 1057 2575 the
1074 2523 1189 2591 temples
1208 2525 1239 2575 of
1256 2525 1304 2577 the
1323 2526 1469 2595 goddesses

297 2591 327 2662 of
349 2612 395 2662 the
415 2611 480 2663 East
500 2611 529 2662 in
550 2611 649 2662 earlier
669 2612 737 2679 days
756 2612 810 2662 and
829 2612 926 2664 later.”
946 2612 1054 2665 Ibidem
1073 2631 1099 2680 p.
1120 2616 1185 2665 232:
1207 2615 1251 2680 ,It
1270 2617 1362 2670 would
1380 2633 1468 2683 seem,

296 2699 409 2764 indeed,
439 2700 500 2749 thet
526 2700 572 2750 the
598 2699 681 2765 pillar
701 2699 755 2749 and
776 2700 823 2750 the
842 2703 901 2751 tree
921 2717 997 2752 come
1016 2704 1043 2753 to
1063 2702 1096 2753 be
1115 2703 1162 2753 the
1181 2705 1375 2756 conventional
1394 2722 1467 2773 sym·

296 2787 355 2839 bols
383 2787 414 2839 of
439 2788 486 2837 the
516 2787 587 2838 mele
617 2787 672 2838 and
697 2788 796 2839 female
822 2789 955 2841 elements
975 2790 1084 2842 erected
1103 2791 1132 2841 in
1152 2792 1227 2842 frent
1246 2793 1277 2843 of
1292 2810 1329 2845 an
1348 2794 1420 2845 altar
1440 2796 1471 2846 of

296 2877 431 2943 worship,
451 2876 505 2927 and
525 2877 600 2941 that,
621 2877 650 2926 in
670 2877 717 2927 the
734 2876 931 2929 deterioration
950 2880 981 2929 of
997 2880 1045 2931 the
1064 2896 1142 2948 ages,
1160 2882 1237 2933 these
1247 2882 1368 2949 symbols
1379 2883 1468 2934 them·

296 2966 383 3017 selres
411 2982 482 3017 were
509 2965 689 3032 worshiped.”
711 2965 753 3017 Of.
772 2966 802 3017 Il.
823 2967 1008 3033 Lenormant,
1028 2969 1102 3035 apud
1121 2969 1292 3038 Daremberg
1311 2973 1338 3022 et
1359 2970 1467 3040 Saglio,

296 3054 435 3105 Dictionn.
465 3054 512 3105 des
540 3054 693 3122 antiquitas
718 3071 851 3123 greoques
878 3059 905 3107 et
924 3057 1060 3108 romaines
1080 3075 1100 3108 s.
1121 3058 1258 3125 Baitylia,
1278 3076 1304 3126 p.
1324 3063 1389 3110 642:
1412 3062 1467 3126 ,La

295 3143 387 3209 pierre
407 3143 539 3210 conique,
559 3144 626 3194 dont
645 3144 673 3195 la
692 3144 780 3195 forme
800 3145 904 3196 imitait
924 3146 992 3197 00110
1012 3146 1049 3197 du
1069 3147 1179 3213 phallus
1198 3146 1305 3214 (100000,
1320 3149 1467 3217 tundisque

295 3231 322 3281 la
343 3231 447 3282 section
467 3231 500 3281 de
519 3247 549 3283 sa
569 3232 633 3283 base
652 3233 791 3299 rappelait
810 3233 838 3285 la
859 3237 940 3299 κτείς,
962 3235 1042 3302 coqui
1061 3251 1095 3286 en
1111 3234 1467 3305 araitfaitgdneralement

294 3320 321 3370 10
340 3318 463 3386 symbolo
482 3320 515 3371 de
535 3320 562 3371 la
580 3318 697 3372 reunion
717 3321 764 3373 des
784 3322 857 3373 deux
877 3340 955 3375 sexes
975 3324 1043 3376 dans
1062 3325 1089 3375 la
1108 3324 1253 3376 divinitd.’'

332 3407 353 3473 2)
371 3408 576 3460 Priihistorisch
596 3439 628 3445 —
650 3410 910 3478 anthropologische
930 3412 1045 3464 Studien
1065 3430 1092 3479 p.
1108 3416 1173 3464 296:
1185 3413 1239 3465 Der
1251 3415 1332 3481 (rote)
1344 3415 1466 3468 800000-

295 3497 403 3563 phallos
428 3496 475 3547 der
495 3497 603 3549 Uraeit:
629 3498 696 3563 ,Die
716 3499 884 3565 Verehrung
902 3499 968 3551 aber
988 3501 1035 3552 (100
1055 3502 1168 3553 Phallas
1187 3505 1289 3554 sowohl
1310 3504 1358 3556 des
1377 3506 1466 3573 (Jiwas

294 3586 335 3637 als
364 3585 411 3637 des
437 3585 567 3651 Hermes,
587 3586 737 3655 Dionysos,
758 3588 842 3655 Atys,
864 3588 951 3640 Osiris
970 3607 997 3641 u.
1016 3607 1038 3641 s.
1058 3608 1105 3656 w.,
1125 3621 1158 3630 -
1179 3608 1249 3659 resp.
1270 3593 1318 3645 der
1337 3596 1466 3648 aufrecht

294 3673 445 3725 stehenden
466 3673 563 3739 saule,
581 3674 627 3726 des
647 3675 849 3728 Baumstamms
869 3694 895 3728 u.
906 3695 926 3728 s.
937 3695 970 3730 w.
990 3708 1023 3714 —
1045 3679 1093 3731 das
1112 3680 1148 3730 ist
1165 3681 1209 3732 die
1225 3682 1389 3735 allmtihlich
1403 3684 1465 3735 sich

294 3762 465 3814 entfaltende
491 3764 657 3831 Verehrung
682 3764 730 3815 der
756 3764 966 3832 aristeigenden
995 3766 1084 3820 Sonus
1109 3770 1166 3820 und
1191 3770 1238 3821 des
1264 3771 1315 3822 mit
1341 3773 1465 3826 1110000-

294 3851 397 3917 kntipft
423 3851 497 3903 dann
517 3853 671 3920 gedachten
690 3855 805 3905 Wesous
824 3856 866 3906 als
883 3855 930 3907 des
946 3856 1141 3909 himmlisohen
1158 3859 1291 3925 Zeugers,
1308 3859 1465 3928 Sohitpfers,

294 3939 535 4006 Lebenspenders,
557 3941 684 3993 Bildners
704 3960 730 3994 u.
742 3960 762 3994 s.
774 3944 823 3994 w.’¹

330 4030 351 4094 3)
370 4029 459 4098 Relig.
479 4031 510 4080 of
528 4031 574 4081 the
595 4030 712 4083 Semites
731 4034 823 4099 (1894)
844 4051 889 4100 pp.
910 4037 976 4099 211,
995 4037 1055 4087 456.

329 4118 351 4183 4)
375 4117 473 4169 Goblet
497 4118 662 4184 d‘Alriolla,
683 4120 737 4171 Des
756 4122 878 4189 origines
897 4123 930 4175 (10
949 4123 1113 4190 l'idolatrie,
1133 4126 1228 4178 Rerue
1249 4127 1282 4178 de
1302 4127 1395 4178 l’Hist.
1417 4128 1464 4179 (100

294 4205 353 4257 Rel.
377 4209 462 4270 1885,
483 4209 547 4258 tom.
567 4208 627 4258 XlI
648 4225 673 4274 p.
685 4212 714 4259 6:
736 4210 797 4274 „Au
818 4210 913 4262 besoiu
933 4228 967 4263 on
986 4213 1096 4265 taillera
1115 4214 1141 4265 10
1158 4214 1218 4267 bloo
1229 4231 1297 4283 pour
1308 4216 1349 4267 lui
1360 4216 1464 4268 donner

293 4311 347 4346 une
372 4296 459 4346 forme
485 4296 610 4364 allonge'e
632 4313 666 4348 ou
687 4299 875 4365 pyramidale,
896 4302 943 4368 qui
964 4303 1088 4369 reppello
1108 4303 1271 4373 d’arantage
1291 4305 1330 4356 les
1350 4321 1462 4372 propor-

292 4385 365 4435 tione
384 4385 555 4436 humaines.”

329 4472 351 4542 5)
371 4472 439 4524 Rob.
460 4472 550 4524 smith
569 4475 617 4526 l.l.
637 4492 663 4542 p.
684 4478 743 4527 210.
793 4488 795 4491 “
