3442 5175
758 409 824 477 2l3

210 624 316 692 quam
338 626 486 693 parvum
510 605 660 694 lapidem
684 604 804 672 limitis
828 604 976 673 iudicem
1003 611 1107 695 atque
1130 607 1206 675 iure
1230 610 1376 677 iurando

209 751 230 795 a
265 729 330 797 diis
364 729 561 816 firmatum,
596 729 656 798 sed
691 729 733 796 de
765 731 986 798 veneratione
1018 731 1060 799 iis
1091 732 1223 801 tributa
1259 734 1376 804 nullus

209 853 301 941 apud
332 875 412 922 eum
444 874 557 922 sermo
585 854 633 921 fit.
659 853 828 933 Quocirca
852 855 1001 923 Graecos
1024 857 1192 925 terminos
1215 858 1376 929 adorasse

209 999 289 1046 cum
313 979 424 1068 Zoega
438 980 466 1069 1)
491 986 525 1047 et
548 975 768 1068 Boesigldo²l
792 999 855 1069 pro
879 985 973 1048 certo
994 986 1147 1050 statuere
1171 987 1375 1071 nonausim,

208 1124 422 1192 quamquam
445 1102 608 1171 credibile
629 1123 755 1172 essere
772 1124 854 1171 vera
867 1104 974 1172 talem
988 1107 1270 1194 superstitionem
1283 1110 1376 1196 apud

208 1250 265 1297 eos
282 1230 432 1317 viguisse
452 1249 521 1297 nou
540 1249 646 1317 neg03
660 1250 741 1296 nam
754 1229 991 1297 Romanorum
1004 1251 1087 1298 usus
1100 1237 1134 1298 et
1147 1231 1376 1322 Theophrasti

207 1357 250 1424 de
277 1355 439 1444 'lapidum
473 1355 509 1421 iu
545 1354 705 1443 compitis
736 1353 982 1422 collocatorum
1014 1354 1213 1423 adoratione
1245 1357 1375 1424 hancce

207 1482 443 1550 coniecturam
476 1478 691 1568 probabilem
726 1477 888 1547 reddunt.
921 1479 1064 1546 Minime
1094 1484 1213 1548 tamen
1244 1481 1375 1570 Zodgae

208 1607 251 1674 de
285 1606 365 1675 talis
399 1604 587 1672 venerandi
618 1604 755 1693 generis
786 1604 918 1693 origine
949 1605 1135 1687 assentior,
1161 1607 1289 1696 quippe
1314 1608 1375 1696 qui

205 1733 376 1801 terminos
401 1752 478 1799 eam
500 1736 640 1798 tantum
663 1729 800 1797 obrem
824 1750 939 1798 sacros
958 1730 1268 1819 habitosaffirmet,
1281 1733 1374 1821 quod

206 1859 362 1927 omnium
387 1858 587 1938 interesset,
601 1875 645 1922 ne
656 1854 902 1943 frangerentur
914 1874 1001 1922 neve
1013 1855 1087 1923 loco
1100 1862 1324 1957 moverentur
1336 1858 1372 1941 3).

251 1979 440 2060 Quomodo
453 1978 735 2067 superstitionem
747 1979 895 2066 priscam
910 1978 1143 2082 interpretans
1152 1979 1243 2047 idem
1252 1980 1373 2049 fecisse

205 2107 292 2174 mihi
326 2106 466 2173 videtur
499 2124 539 2171 ac
570 2105 622 2170 vir
652 2103 719 2183 ille,
747 2104 807 2191 qui
831 2123 938 2191 equos
962 2105 1112 2192 posticae
1137 2125 1259 2173 currus
1282 2106 1375 2193 parti

205 2231 403 2314 subiunxit3
438 2229 548 2297 multo
583 2228 675 2295 enim
707 2228 781 2294 veri
804 2233 856 2294 cst
880 2228 1036 2309 similius
1061 2228 1219 2297 homiues
1243 2230 1374 2317 lapides

204 2354 292 2423 tales
321 2355 394 2422 loco
421 2372 560 2432 movere
584 2372 653 2419 non
677 2372 778 2420 ausos
802 2372 886 2436 esse,
911 2353 993 2441 quia
1017 2352 1171 2420 divinam
1196 2353 1373 2442 quandam

204 2484 410 2569 potestatem
436 2478 478 2545 iis
501 2478 612 2545 inesse
634 2482 808 2566 putarent.
833 2476 995 2545 Ruricola
1017 2477 1167 2566 lapidem
1189 2480 1261 2546 sive
1273 2480 1372 2568 stipi-

203 2610 294 2689 tem,
329 2605 366 2671 in
400 2623 469 2692 quo
503 2622 761 2692 quamcumque
796 2602 839 2670 ob
873 2623 1013 2670 causam
1045 2602 1192 2690 putabat
1215 2604 1371 2672 animum

205 2729 357 2817 aliquem
381 2728 550 2809 habitare,
575 2733 615 2796 ut
638 2748 762 2816 agrum
787 2749 889 2795 suum
914 2733 1073 2796 tueretur
1095 2732 1201 2815 atque
1224 2748 1244 2794 a
1267 2727 1372 2794 vicini

204 2855 371 2922 aviditate
392 2853 592 2921 defenderet
612 2872 688 2919 mea
712 2852 852 2940 quidem
876 2852 1036 2941 opinione
1056 2853 1093 2918 iu
1112 2857 1206 2919 terra
1222 2851 1372 2939 defigere

204 2979 352 3062 solebat;
380 2983 451 3065 aut,
475 2977 618 3046 simulac
643 2977 729 3066 lapis
753 2977 825 3043 sive
849 2977 954 3064 stipes
979 2996 1061 3064 agro
1080 2976 1262 3065 impositus
1286 2984 1371 3061 erat,

204 3106 308 3172 certis
353 3103 478 3171 ritibus
524 3103 647 3191 genius
693 3101 834 3191 quidam
875 3100 1082 3179 vocabatur,
1117 3106 1157 3169 ut
1191 3121 1271 3170 eum
1306 3103 1372 3171 sibi

205 3229 320 3297 sedem
338 3229 490 3317 eligeret.
503 3225 557 3295 Ita
569 3226 692 3295 saltem
705 3227 933 3294 caerimonias
946 3226 1225 3316 interpretandas
1238 3248 1371 3313 censen,

205 3375 292 3442 quas
325 3355 362 3421 in
396 3353 565 3443 ponendis
595 3352 755 3419 terminis
788 3346 945 3419 homines
979 3353 1141 3440 antiquos
1171 3353 1371 3422 observasse

205 3476 341 3547 Siculus
372 3478 516 3545 Flaccus
546 3482 715 3561 testatur,
739 3478 859 3565 quiin
883 3476 971 3544 libro
995 3477 1038 3544 de
1062 3497 1226 3565 agrorum
1250 3479 1370 3546 condi-

203 3601 356 3670 tionibus
366 3604 410 3688 4);
433 3601 634 3690 »Antiqui’',
657 3602 789 3690 inquit,
816 3622 916 3668 neum
940 3601 1107 3669 terminos
1130 3601 1370 3690 disponerent,

204 3727 296 3815 ipsos
342 3726 483 3814 quidem
526 3724 658 3815 lapides
699 3727 736 3792 in
779 3725 924 3793 solidam
965 3730 1094 3792 terram
1138 3725 1369 3812 collocabant,

203 3852 359 3939 proxime
391 3872 430 3918 ea
462 3850 554 3936 loca,
585 3850 712 3939 quibus
741 3851 838 3920 fossis
870 3851 969 3919 factis
1001 3851 1148 3919 delixuri
1171 3871 1228 3919 eos
1251 3858 1369 3934 erant,

203 3981 239 4043 et
254 4061 256 4064 Α
274 3981 453 4064 unguento
488 3975 789 4065 velaminibusque
826 3982 860 4044 et
892 3978 1027 4044 coronis
1058 3998 1115 4045 eos
1146 3977 1369 4046 coronabant.

247 4232 267 4297 ¹)
288 4232 385 4300 Zodga,
405 4230 445 4283 De
464 4247 516 4282 usu
535 4233 562 4282 et
581 4230 687 4298 origine
707 4229 888 4283 obeliscorum
908 4247 953 4297 pp.
975 4234 1024 4282 194
1045 4247 1103 4299 sqq.

242 4320 262 4386 2)
282 4320 399 4388 Bbsigk‚
419 4319 459 4371 De
479 4319 607 4388 baetyliis
626 4336 672 4386 pp.
691 4322 725 4371 50
743 4336 801 4388 sqq.

242 4410 264 4477 2)
284 4411 371 4478 Zoiiga
390 4410 428 4462 l.l.
449 4427 475 4477 p.
496 4412 554 4461 lat.

241 4499 262 4565 ⁴)
281 4499 332 4551 Rei
352 4498 478 4566 agrariae
497 4500 621 4551 auctores
641 4499 693 4565 (cd.
713 4498 825 4552 Gocsius
846 4501 926 4565 1674)
945 4516 971 4566 p.
991 4502 1016 4552 5.
