3442 5175
872 401 918 468 60

313 596 445 684 lapides
475 597 662 663 animatos:
694 603 898 684 παραλαβὼν
929 607 947 664 ὁ
972 604 1114 687 Οὐρανὸς
1136 608 1155 666 ά
1177 611 1233 668 τοῦ
1254 608 1392 682 υψίοιου
1413 611 1482 679 υίος

313 732 368 804 τὴν
402 731 458 787 ιοῦ
491 729 608 807 πατρὸς
642 729 754 807 ἀρχήν,
787 730 896 805 ἄγειαι
926 732 1005 808 πρὸς
1027 732 1132 808 γάμον
1156 735 1212 809 τὴν
1235 730 1379 809 άίελφὴν
1401 729 1480 809 Γῆν,

313 855 368 910 καί
401 856 539 911 ποιεῖται
569 852 603 925 ἐξ
626 852 722 929 αὐτῆς
744 850 863 921 acidas
887 852 1050 933 τέσσαρας,
1074 852 1169 914 Ἴλον
1191 857 1246 914 τὸν
1264 860 1319 915 uod
1341 852 1480 935 Κρόνον,

312 980 367 1035 καί
396 972 580 1035 Βαίιυλον.
596 1020 602 1033 .
619 1020 647 1032 ..
673 971 739 1034 Ἔτι
770 972 812 1048 dd,
838 993 945 1053 φησιν,
970 976 1122 1055 ἐπενόησε
1143 977 1221 1048 θεὸς
1245 975 1387 1058 Οὐρανὸς
1408 977 1481 1053 βαι-

313 1097 417 1172 ιύλια,
440 1097 558 1168 λίθους
581 1098 747 1176 ἐμψύχους
769 1098 1040 1177 μηχανησάμενος
1059 1090 1198 1175 (Euseb.
1213 1092 1336 1180 Praep.
1349 1090 1481 1179 Evang.

313 1213 328 1280 Ι
352 1212 414 1293 lb,
435 1213 472 1279 F.
495 1212 536 1278 H.
557 1212 588 1280 G
608 1212 658 1280 ΙΙΙ
677 1233 711 1301 p.
730 1211 821 1298 568).
842 1212 1046 1280 Damascius
1065 1211 1103 1279 in
1121 1214 1194 1280 vita
1214 1213 1337 1281 Isidori
1357 1214 1482 1283 Libani

313 1337 441 1404 montis
460 1335 593 1403 accolas
614 1335 724 1403 rnulta
744 1335 897 1424 baetylia
916 1338 989 1403 sive
1009 1335 1167 1403 baetulos
1184 1336 1345 1404 adorasse
1356 1338 1480 1405 refert:

313 1466 382 1528 “On
405 1471 485 1528 κατά
508 1470 563 1544 τὴν
587 1464 805 1527 Ἡλιούπολιν
828 1474 880 1546 τῆς
902 1466 1024 1549 Συρίας
1045 1470 1090 1539 είς
1112 1468 1186 1548 ὄρος
1208 1470 1242 1527 zo
1261 1471 1316 1529 ιοῦ
1334 1465 1482 1544 Λιβάνου

313 1596 367 1652 ιὸν
403 1589 641 1669 Ἀοκληιιιάίην
663 1590 818 1651 doroteae
841 1612 928 1671 φησι,
952 1598 1007 1652 καί
1032 1590 1111 1652 ίίεῖν
1133 1590 1245 1651 πολλά
1267 1596 1328 1652 τῶν
1350 1591 1482 1668 λεγομέ-

312 1734 378 1774 νων
410 1712 587 1790 βαιιυλίων
620 1715 641 1791 ἢ
672 1714 837 1790 βοιιύλων
872 1707 990 1792 (Phoc.
1023 1706 1110 1774 Bibl.
1145 1704 1222 1790 242,
1258 1705 1310 1772 ed.
1346 1707 1483 1774 Bekker
1545 1699 1547 1702 ⁵

270 1831 275 1846 “
312 1851 345 1918 p.
369 1827 460 1914 342).

357 1952 455 2020 Idem
478 1952 606 2021 diserte
629 1952 672 2020 de
692 1954 734 2020 iis
754 1954 910 2042 scripsit,
929 1973 1076 2022 narrans
1095 1953 1286 2021 Eusebium
1305 1954 1482 2043 quendam

312 2077 458 2145 coluisse
489 2081 525 2143 et
548 2096 667 2144 secum
690 2081 842 2165 gestasse
866 2075 1064 2164 baetylum,
1088 2078 1252 2145 Gennaeo
1275 2077 1339 2145 deo
1364 2076 1483 2145 Helio-

312 2199 466 2288 politano
489 2199 683 2276 addictum,
707 2198 841 2287 figurae
861 2201 1058 2288 sphericae,
1078 2199 1248 2267 diametro
1267 2199 1481 2280 dodrantali,

223 2399 225 2402 v
313 2324 436 2391 coloris
467 2321 658 2401 subalbidi,
693 2321 810 2389 rubris
839 2321 965 2390 litteris
997 2324 1225 2412 inscriptum,
1256 2343 1299 2390 ex
1330 2343 1483 2412 quarum

313 2439 547 2536 ap'paritione,
582 2450 689 2533 atque
722 2465 742 2512 e
772 2436 872 2512 sibilo
904 2444 998 2533 quod
1034 2445 1182 2513 subinde
1217 2446 1342 2514 edebat
1376 2446 1482 2534 lapiS,

313 2575 483 2659 motuque
521 2590 591 2660 quo
625 2573 747 2658 sponte
781 2568 977 2653 ferebatur,
1011 2568 1214 2637 futurorum
1250 2569 1483 2658 cognitionem

314 2694 474 2783 capiebat
504 2693 686 2762 Eusebius.
721 2700 790 2761 Τῶν
820 2699 854 2760 οὲ
884 2700 1057 2777 βαιιύλων,
1089 2692 1224 2781 inquit,
1252 2700 1358 2761 ἄλλον
1389 2700 1483 2778 ἄλλῳ

316 2825 521 2899 ἀνακεῖσθαι,
565 2827 607 2896 ὡς
649 2825 768 2895 ἐκεῖνος
806 2822 981 2902 ὅυσφημῶν
1015 2824 1111 2902 λέγει,
1146 2823 1225 2901 θεῷ,
1261 2821 1388 2903 Κρόνῳ,
1424 2820 1482 2897 Διί,

317 2950 426 3028 Ἡλίῳ,
460 2955 522 3020 ιοῖς
553 2948 676 3019 ἄλλοις.
710 2940 831 3027 (Phoc.
864 2938 952 3007 Bibl.
983 2938 1067 3023 242,
1095 2938 1147 3005 ed.
1172 2938 1308 3005 Bekker
1331 2958 1364 3025 p.
1387 2937 1483 3026 348).

315 3065 450 3132 Plinius
473 3065 515 3131 de
537 3048 685 3151 baetylis
708 3063 794 3130 baec
818 3062 919 3129 dicit:
946 3061 1113 3130 »Sotacus
1137 3066 1172 3128 et
1192 3060 1260 3127 alia
1273 3061 1342 3129 duo
1354 3081 1484 3148 genera

313 3188 394 3254 fecit
429 3188 631 3269 cerauniae,
667 3187 788 3274 nigrae
819 3185 1049 3273 rubentisque
1080 3204 1121 3250 ac
1155 3183 1284 3251 similes
1318 3204 1376 3252 eas
1410 3204 1484 3251 esse

314 3309 512 3377 securibus:
548 3330 589 3375 ex
624 3308 696 3392 bis,
728 3329 818 3397 quae
848 3309 971 3396 nigrae
1000 3308 1071 3374 sint
1095 3312 1130 3373 et
1152 3306 1342 3385 rotundae,
1368 3327 1484 3397 sacras

313 3454 404 3517 esse,
436 3431 541 3500 urbes
568 3452 631 3520 per
653 3431 730 3499 illas
753 3432 946 3519 expugnari
969 3436 1005 3498 et
1027 3430 1170 3510 classeS,
1195 3449 1325 3518 easque
1347 3429 1483 3498 betulos

315 3557 451 3640 vocari3
482 3576 572 3645 quae
603 3575 685 3622 vero
708 3555 831 3642 longae
854 3556 944 3640 sint,
970 3554 1185 3623 ceraunias.’'

357 3812 454 3898 §42
484 3813 574 3891 Quid
607 3813 754 3895 mirum,
778 3812 815 3877 in
839 3810 901 3877 tali
924 3811 1135 3898 scriptorum
1158 3810 1385 3898 antiquorum
1409 3809 1483 3877 dis-

314 3938 470 4006 sensione
506 3937 598 4004 viros
641 3936 759 4002 doctos
797 3953 939 4024 quoque
975 3934 1185 4001 recentiores
1220 3932 1375 4000 diversas
1409 3934 1484 4000 vias

313 4060 455 4128 iniisse‘l
480 4059 550 4126 Alii
570 4060 664 4127 enirn
685 4079 804 4126 ornnes
822 4059 1037 4126 Graecorum
1056 4055 1188 4143 lapides
1201 4076 1316 4124 sacros
1328 4056 1484 4144 baetylos

314 4187 387 4253 sive
417 4183 570 4272 baetylia
600 4189 739 4250 vocatos
763 4202 837 4249 esse
861 4179 1065 4270 perhibent,
1089 4178 1148 4246 alii
1171 4181 1483 4267 grammaticorum

313 4306 460 4375 huiusce
494 4305 588 4371 vocis
623 4303 888 4393 explicationem
923 4303 1080 4390 accipere
1114 4302 1291 4391 lapidique
1324 4307 1483 4388 tanturn,

314 4450 420 4518 quern
450 4434 577 4516 Κρόνος
606 4427 788 4495 devorasse
812 4433 995 4508 narratur,
1020 4448 1097 4494 earn
1121 4426 1313 4495 attribuere
1337 4424 1483 4494 malunt.
