3442 5175
866 397 932 464 ⁴130

354 596 372 680 ἕ
395 590 470 659 217.
497 590 634 681 [3].111
659 592 900 659 Thessalia
919 593 1125 679 (formicae).

355 716 458 783 Clem.
486 716 582 782 Alex.
607 715 747 783 ibidem.
780 728 808 783 τί
833 722 867 783 δέ
890 725 992 784 πάλιν
1017 722 1187 796 Θειταλσί,·
1209 725 1377 804 μύρμηκας
1400 727 1481 783 ίστο-

310 853 438 929 ρσῦνται
467 848 583 923 σέβειν,
611 850 679 907 έπεί
703 851 756 908 τδν
780 847 839 908 Δία
860 849 1093 927 μεμαθήκασιν
1116 848 1318 924 ὁμοιωθέντα
1340 850 1482 928 μύρμηκι

309 979 345 1053 τῇ
386 970 553 1052 Κλητορος
586 972 722 1053 θυγατρί
758 970 989 1054 Εύρυμεδοῦση
1023 979 1156 1051 μιγῆναι
1190 978 1245 1032 καί
1279 970 1483 1053 Μυρμηδόνα

309 1103 469 1175 γεννῆσαι.
514 1167 516 1174 y

354 1335 372 1423 ,ξ
395 1333 470 1401 218.
497 1333 560 1425 [4].
586 1334 632 1401 In
657 1335 828 1403 Troade
853 1335 1296 1425 (mures)(Ha1naxiti).

354 1459 460 1525 Clem.
494 1458 590 1526 Alex.
622 1458 763 1525 ibidem.
793 1463 959 1544 Πολέμων
990 1464 1023 1525 δέ
1055 1471 1125 1538 τοῦς
1155 1470 1239 1545 άμφί
1267 1471 1322 1543 τὴν
1348 1465 1483 1547 Τρωάδα

308 1595 532 1661 κατοικοῦντας
551 1594 667 1670 ίσισρεῖ
688 1594 758 1660 τούς
777 1591 969 1670 ἐπιχωρίους
986 1594 1056 1666 μῦς,
1076 1591 1130 1661 οῦς
1143 1590 1301 1667 σμίνθσυς
1313 1590 1480 1664 καλοῦσιν,

309 1717 356 1773 ύτι
380 1719 433 1785 τάς
455 1718 570 1795 νευράς
592 1719 653 1774 τῶν
676 1714 842 1791 πολεμίων
867 1712 1034 1795 διέτρωχον
1058 1719 1119 1774 τῶν
1141 1715 1239 1788 τόξων
1262 1710 1402 1790 (σέβειν)
1427 1720 1482 1773 καί

308 1837 472 1917 Σμίνθιον
499 1838 686 1899 Ἀπόλλωνα
709 1842 774 1898 άπὸ
800 1844 860 1898 τῶν
883 1844 976 1916 μυῶν
998 1840 1128 1899 ἐκείνων
1150 1841 1362 1917 ἐπεφήμισαν.

356 1954 488 2022 Aelian.
521 1956 600 2022 Nat.
633 1955 749 2022 Anim.
782 1955 848 2022 XII
879 1955 910 2022 5.
940 1962 1008 2023 Καί
1040 1968 1083 2023 οί·
1101 1968 1156 2042 τὴν
1179 1961 1351 2042 ιΑμαξιτδν
1374 1961 1407 2022 δέ
1430 1969 1484 2040 τῆς

312 2085 458 2169 Τρωάδος
488 2092 704 2158 κατοικοῦντες
730 2093 792 2166 μῦς
823 2088 983 2164 σέβουσιν·
1016 2089 1113 2148 ἔνθεν
1136 2109 1183 2148 τοι
1206 2094 1260 2148 καί
1285 2091 1339 2148 τὸν
1366 2086 1481 2147 Ἀπόλ-

239 2219 241 2222 ’
309 2211 410 2285 λωνα,
446 2214 499 2270 τὸν
533 2207 608 2293 παρ’
641 2213 748 2283 αὐτοῖς
778 2215 966 2291 τιμώμενον,
998 2210 1163 2289 Σμίνθιον
1192 2211 1340 2286 καλοῦσι,
1372 2215 1481 2290 φασίν.

309 2333 381 2394 Ἔτι
410 2338 471 2416 γάρ
501 2342 556 2395 καί
586 2340 656 2407 τούς
687 2334 826 2407 Αἰολέας
854 2342 909 2395 καί
932 2340 1002 2407 τούς
1029 2335 1137 2416 Τρῶας
1159 2339 1213 2395 τὸν
1235 2340 1301 2413 μῦν
1323 2353 1482 2416 προσαγο-

310 2460 413 2539 ρεύειν
437 2458 588 2536 σμίνθσν,
613 2462 719 2539 ὥσπερ
742 2461 801 2518 οῦν
822 2466 877 2519 καί
901 2458 1063 2538 Αἰσχύλος
1088 2460 1123 2518 έν
1146 2463 1187 2536 τῷ
1210 2457 1353 2537 Σισύφῳ·

465 2580 557 2641 Ἀλλ’
579 2584 751 2664 άρουραῖύς
773 2585 817 2655 τίς
840 2584 905 2643 ἐστι
929 2583 1068 2662 σμίνθσς
1086 2581 1144 2643 ὧδ’
1165 2585 1335 2665 ὑπερφυής.

353 2704 421 2766 Καί
449 2709 613 2787 τρέφονται
642 2710 703 2784 μέν
735 2709 769 2766 έν
800 2712 841 2784 τῷ
871 2706 1040 2785 Σμινθείῳ
1062 2710 1140 2786 μύες
1162 2709 1302 2783 τιθασοί,
1327 2707 1483 2788 δημοσίας

309 2834 426 2910 τροφάς
452 2830 690 2908 λαμβάνοντες,
722 2833 786 2891 ύπό
817 2829 851 2890 δέ
882 2835 923 2908 τῷ
946 2832 1046 2910 βωμῷ
1068 2839 1123 2892 καί
1147 2831 1330 2910 φωλεύουσι
1352 2834 1480 2906 λευκοί,

308 2960 362 3013 καί
386 2959 475 3036 παρά
498 2960 538 3033 τῷ
558 2954 681 3037 τρίποδι
701 2960 755 3015 τοῦ
779 2953 985 3027 ’Λπόλλωνος
1000 2957 1108 3035 έστηκε
1118 2961 1188 3033 μῦς.
1202 2955 1435 3036 Μυθολύχημα
1448 2954 1482 3015 δέ

309 3079 389 3159 ύπέρ
408 3076 499 3156 τῆσδε
517 3086 569 3156 τῆς
590 3080 764 3160 θρησκείας
783 3085 838 3139 καί
851 3081 953 3139 έκεῖνο
966 3082 1182 3160 προσακήκοα·
1196 3086 1258 3140 τῶν
1269 3078 1415 3140 Αἰολέων
1426 3086 1482 3139 καί

309 3205 370 3260 τῶν
403 3201 518 3283 Τρώων
549 3206 586 3261 τὰ
616 3202 695 3280 λήϊα
718 3202 845 3274 πολλὰς
867 3208 959 3280 μυῶν
973 3201 1141 3299 μυριάδας
1164 3203 1368 3273 έπελθσῦσας
1390 3205 1482 3283 ἄωρα

309 3327 498 3406 ύποκείρειν,
522 3332 576 3385 καί
600 3326 697 3404 άτελη
716 3330 754 3385 τά
772 3327 854 3407 θέρη
875 3334 938 3398 τοῖς
958 3330 1128 3408 σπείρασιν
1146 3330 1349 3407 άπσφαίνειν·
1364 3329 1482 3387 οῦκοῦν

309 3452 362 3509 τὸν
385 3451 420 3509 έν
443 3448 577 3528 Δελφοῖς
599 3450 680 3509 θεὸν
703 3450 963 3528 πυνθανομένων
985 3453 1096 3526 εἰπεῖν,
1122 3454 1169 3511 ὅτι
1190 3449 1237 3511 δεῖ
1255 3452 1350 3511 θύειν
1363 3449 1481 3510 Ἀπόλ-

308 3574 390 3634 λωνι
422 3569 572 3650 Σμινθεῦ·
609 3576 679 3644 τούς
714 3571 748 3632 δέ
782 3574 972 3645 πεισθέντας
1007 3573 1240 3652 ἀπαλλαγῆναι
1274 3580 1326 3652 τῆς
1356 3576 1391 3634 ἐκ
1420 3580 1483 3634 τῶν

308 3702 400 3775 μυῶν
430 3695 614 3773 ἐπιβουλῆς,
645 3701 700 3755 καί
731 3698 785 3755 τὸν
816 3700 920 3777 πυρὸν
948 3699 1055 3769 αὐτοῖς
1085 3700 1116 3769 ές
1146 3695 1235 3757 τόνδε
1259 3702 1312 3758 τὸν
1334 3717 1481 3776 νενομισ-

308 3820 408 3897 μένον
448 3820 570 3898 άμητον
600 3820 826 3898 ἀφικνεῖσθαι.
868 3819 1072 3900 Ἐπιλέχουσι
1108 3820 1142 3880 δέ
1177 3823 1241 3902 άρα
1274 3823 1404 3892 τούτοις
1426 3826 1482 3880 καῖ

309 3942 423 4003 έκεῖνσι·
468 3946 512 4014 εἰς
545 3943 697 4003 άπσικίαν
732 3941 867 4024 Κρητῶν
901 3948 932 4004 οί
966 3944 1131 4016 σταλέντες
1165 3945 1296 4005 οἴκοθεν
1330 3946 1365 4005 ἔκ
1399 3968 1482 4017 τινος

309 4066 404 4146 τύχης
433 4067 678 4145 καταλαβούσης
702 4068 825 4141 αύτούς,
849 4066 1030 4146 ἐδεήθησαν
1053 4073 1108 4127 τοῦ
1131 4066 1264 4128 Πυθίου
1288 4072 1388 4147 φῆναί
1410 4092 1482 4130 τινα

310 4191 416 4261 αὐτοῖς
447 4195 554 4271 χῶρον
584 4190 712 4267 άηαθόν
743 4196 797 4250 καί
824 4193 855 4261 ές
870 4236 873 4243 .
886 4194 941 4250 τὸν
971 4196 1178 4270 συνοικισμὸν
1208 4192 1369 4271 λυσιτελῆ·
1395 4195 1481 4253 έκπί·

310 4335 398 4373 πτειν
418 4312 456 4390 δη
476 4313 598 4391 λόγιον,
619 4313 703 4372 ἔνθα
723 4315 765 4407 ἂν
777 4316 884 4385 αύισῖς
895 4317 925 4373 οί
938 4321 1076 4393 γηγενεῖς
1087 4316 1324 4393 πολεμήσωσιν,
1339 4317 1483 4376 ένταῦθα

309 4444 498 4513 καταμεῖναι
539 4443 594 4496 καί
624 4439 801 4514 ἀναστῆσαι
831 4437 938 4497 πόλιν·
973 4441 1089 4498 ούκοῦν
1118 4444 1231 4517 ἥκουσι
1260 4444 1322 4517 μέν
1352 4443 1396 4511 είς
1426 4445 1482 4517 τὴν
