3442 5175
863 300 930 369 216

312 505 417 587 atque
440 499 603 566 adoratae
616 500 653 584 ⁵),
677 499 736 566 sed
760 498 944 587 permultis
964 497 1041 565 aliis
1064 497 1241 586 stipitibus
1264 498 1479 567 idemhonor

311 623 586 708 attribuebatur,
610 625 671 712 qui
694 623 737 690 ad
758 622 899 691 arbores
911 644 1027 691 sacras
1039 622 1293 711 quodammodo
1305 625 1479 711 pertinere

311 769 484 837 nusquam
512 748 711 817 traduntur.
736 748 827 828 Quid
850 749 946 816 onim
968 748 1011 816 de
1035 747 1212 837 stipitibus
1238 768 1298 837 pro
1321 750 1479 818 terminis

311 874 431 962 positis
454 873 610 940 dieamus
633 910 676 922 -
699 894 780 940 nam
801 873 881 942 lieet
900 873 1060 942 dubitare
1082 874 1256 961 possimus
1277 894 1363 940 num
1388 875 1478 962 apud

311 998 460 1067 Graecos
484 1018 521 1065 re
543 1016 625 1065 vera
647 999 861 1066 venerationi
881 999 1011 1067 fuerint
1027 999 1187 1083 termini,
1201 998 1374 1066 Romanos
1386 991 1478 1066 eerte

311 1143 368 1190 eos
391 1123 536 1191 coluisse
560 1121 661 1190 multi
680 1124 865 1211 scriptores
885 1144 947 1191 nos
966 1124 1090 1192 dorent
1104 1163 1143 1173 -
1155 1174 1163 1204 ,
1177 1122 1261 1212 quid
1281 1123 1323 1191 de
1336 1123 1479 1213 Dionysi

311 1246 452 1314 Cadmei
486 1247 579 1335 ligno
613 1247 656 1314 de
691 1248 784 1315 coelo
817 1247 957 1337 delapso
970 1250 1017 1335 2),
1048 1248 1091 1315 de
1114 1254 1220 1337 Ἥρας
1242 1246 1361 1336 pluteo
1374 1250 1412 1334 3),
1436 1248 1478 1316 de

310 1377 509 1462 Διοσκούρων
538 1373 733 1459 bonavem),
758 1371 800 1440 de
828 1372 1100 1462 Agamemnonis
1124 1371 1224 1441 hasta
1236 1374 1265 1458 ⁵)
1288 1374 1478 1463 multisque

310 1496 386 1564 aliis
409 1496 512 1585 lignis
534 1497 708 1565 adoratis?
732 1498 826 1566 Num
850 1498 1006 1565 omnium
1030 1497 1168 1565 illorum
1193 1498 1308 1567 cultus
1320 1520 1362 1567 ex
1375 1499 1477 1568 arbo·

309 1642 390 1689 rum
412 1623 635 1690 veneratione
658 1622 831 1690 effluxisse
856 1642 937 1690 eum
962 1621 1181 1690 Boettiehero
1206 1624 1477 1712 perhibeamus?

310 1746 520 1835 Populorum
546 1746 758 1815 incultorum
781 1748 1045 1836 superstitiones
1069 1767 1131 1814 nos
1151 1747 1245 1816 aliud
1258 1748 1342 1837 quid
1355 1748 1477 1817 docere

309 1872 346 1938 in
379 1871 467 1939 libro
497 1873 610 1961 primo
634 1873 784 1941 vidimus
797 1874 837 1961 ⁶).
863 1872 1032 1951 Quocirca
1054 1872 1147 1961 apud
1170 1873 1320 1941 Graecos
1339 1894 1477 1963 quoque

310 2017 379 2063 non
410 2016 529 2064 omues
560 1997 718 2085 stipitum
750 1997 864 2065 cultus
895 2016 935 2064 ex
968 1997 1132 2065 arborum
1156 1997 1357 2066 adoratione
1380 2018 1476 2066 ema-

310 2140 410 2188 nasse
433 2120 605 2189 videntur.

754 2451 931 2521 CAPUT
956 2451 1027 2519 ΙΙΙ.

376 2651 426 2717 lie
450 2653 617 2717 arborum
641 2651 677 2717 et
700 2651 906 2717 animalium
930 2651 1156 2718 veneratione
1180 2652 1334 2718 fortasse
1358 2652 1402 2718 ad

442 2776 663 2843 mortuorum
687 2776 821 2842 cultum
845 2777 1048 2860 pertinente
1071 2777 1163 2860 apud
1187 2775 1352 2845 Graecos

353 2970 425 3059 §a
458 2971 559 3038 Hisce
589 2972 810 3059 pertractatis
838 2971 908 3037 iam
940 2970 983 3036 ad
1016 2970 1179 3038 arborum
1212 2977 1247 3039 et
1270 2972 1476 3041 animalium

309 3096 566 3163 venerationem
591 3100 818 3163 transeamus.
843 3095 939 3162 Inter
962 3096 1076 3163 varias
1098 3118 1230 3182 causas,
1251 3118 1341 3186 quae
1360 3099 1476 3167 homi-

309 3242 370 3288 nes
393 3220 437 3287 ad
460 3220 600 3288 arbores
624 3221 696 3287 sive
720 3220 884 3287 animalia
907 3221 1084 3289 adoranda
1106 3222 1346 3310 perduxerunt
1369 3228 1475 3312 atque

309 3344 422 3411 adhue
446 3344 658 3432 perducunt,
685 3350 902 3413 mortuorum
926 3346 1059 3414 uultum
1083 3348 1227 3435 supra⁷)
1253 3350 1475 3433 enumeravi,

311 3546 520 3553 ......-..-..-......-..

347 3686 365 3752 ¹)
386 3685 427 3738 Of.
447 3686 527 3737 Paus.
549 3685 592 3735 IX
614 3688 654 3750 19,
675 3687 699 3750 ῖς
718 3685 884 3751 videsupra
903 3685 962 3736 Lib.
983 3686 1013 3737 II
1034 3688 1049 3752 ᾗ
1071 3690 1128 3737 118.

345 3783 365 3850 ²)
386 3785 466 3835 Paus.
487 3783 530 3834 IX
551 3787 591 3848 12,
611 3787 641 3847 43
662 3783 725 3833 ride
744 3799 828 3849 supra
846 3783 907 3834 Lib.
926 3783 956 3834 II
976 3785 991 3850 ξ
1011 3787 1052 3836 90.

345 3874 365 3939 ³)
385 3872 470 3925 (ilem.
490 3872 571 3924 Alex.
591 3873 680 3922 Protr.
701 3872 742 3922 IV
762 3875 811 3936 463
830 3871 928 3924 Euseb.
948 3873 1046 3940 Praep.
1066 3874 1169 3943 Erang.
1190 3875 1238 3926 III
1258 3879 1288 3941 83
1308 3875 1370 3927 vide
1390 3892 1474 3943 supra

308 3963 369 4015 Lib.
389 3963 419 4014 ΙΙ
439 3964 454 4029 ξ
476 3966 517 4014 84.

344 4053 367 4118 ⁴)
386 4052 459 4128 Plut.
486 4051 519 4103 de
543 4050 632 4102 Fratr.
658 4050 719 4101 Am.
748 4054 777 4116 13
798 4051 924 4103 Eustath.
943 4052 978 4102 ad
998 4053 1080 4105 Iliad.
1100 4054 1122 4104 P
1143 4054 1208 4119 7443
1228 4054 1290 4106 vide
1309 4071 1393 4122 supra
1412 4055 1473 4109 Lib.

309 4140 435 4207 11§93.

344 4229 366 4296 ⁶)
385 4231 466 4282 Paus.
486 4229 531 4280 IX
551 4230 593 4295 40,
614 4232 661 4294 113
680 4229 744 4282 vide
763 4245 847 4296 supra
867 4229 925 4282 Lib.
948 4230 978 4282 ΙΙ
998 4232 1013 4298 ξ
1032 4234 1074 4284 94.

344 4319 367 4385 ⁰)
385 4319 456 4371 Vide
476 4319 536 4371 Lib.
557 4319 571 4370 I
591 4320 605 4386 ξ
625 4321 668 4370 35.

345 4408 365 4475 ⁷)
385 4408 456 4460 Vide
476 4408 535 4461 Lib.
555 4410 569 4460 Ι
589 4410 604 4477 ς
624 4412 665 4461 11.
