3442 5175
878 381 944 449 158

324 586 414 664 κριὸν
447 585 672 664 περιενεγκών,
703 591 757 645 καί
788 586 840 645 ἐπί
868 587 964 663 totiaco
995 583 1150 662 Κάλαμις
1180 586 1329 664 ἐποίησεν
1360 585 1496 663 ἄγαλμα

326 704 448 787 Ἑρμοῦ
471 708 607 788 φέροντα
628 711 719 789 κριὸν
741 710 794 767 ἐπὶ
816 714 878 767 τῶν
901 710 1005 784 ὤμων.
1032 709 1066 778 ὃς
1089 705 1160 766 ὀ’ἂν
1182 712 1265 767 εῖναι
1286 715 1347 768 τῶν
1366 710 1496 786 ἐφήβων

325 832 485 912 προκριθῇ
520 835 553 891 ιό
584 830 666 902 είὸος
696 830 885 904 κάλλιστος,
917 834 1007 901 οὗτος
1038 833 1073 889 ἐν
1103 837 1157 891 τοῦ
1191 830 1308 913 Ἑρμοῦ
1338 839 1374 912 τῇ
1404 834 1496 914 ἑορτῇ

325 958 479 1036 περίεισιν
502 957 537 1015 ἐν
559 954 666 1032 κύκλῳ
689 960 743 1015 ιοῦ
766 957 888 1034 τείχους
911 955 994 1034 ἔχων
1017 955 1101 1035 ἄρνα
1123 955 1176 1014 ἐπί
1199 960 1260 1015 τῶν
1283 957 1388 1031 ὤμων.

369 1069 418 1140 Cf.
455 1072 555 1137 Paus.
591 1069 638 1136 IV
672 1068 733 1151 33,
764 1068 803 1135 43
836 1075 956 1158 Ἑρμῆς
979 1078 1083 1158 φέρων
1105 1080 1195 1158 κριόν
1220 1069 1434 1154 (Oechaliae,
1458 1070 1498 1135 in

326 1194 412 1262 urbe
442 1191 665 1281 Messeniae);
697 1193 798 1259 Paos.
832 1193 860 1258 V
892 1191 953 1274 27,
983 1191 1022 1258 8:
1047 1202 1065 1260 ὁ
1088 1199 1122 1260 δὲ
1147 1199 1265 1282 Ἐρμῆς
1288 1202 1306 1260 ὁ
1329 1205 1383 1262 τὸν
1405 1204 1496 1281 κριὸν

325 1326 430 1406 φέρων
460 1327 523 1384 ὑπὸ
555 1329 591 1403 τῇ
617 1324 774 1405 μασχάλῃ
803 1346 830 1383 κ.
853 1346 876 1383 ι.
897 1323 928 1384 λ.
961 1315 1190 1405 (Olympiae);
1218 1318 1319 1383 Paus.
1344 1314 1376 1381 ΙΙ
1400 1315 1432 1396 3,
1456 1315 1495 1381 4:

324 1450 508 1527 καθήμενός
540 1450 624 1508 ἐστιν
661 1446 796 1528 Ἑρμῆς,
832 1449 1007 1528 παρέστηκε
1041 1446 1075 1508 δέ
1109 1453 1139 1508 oi
1169 1450 1273 1530 κριός,
1305 1451 1352 1508 ὅτι
1375 1446 1496 1528 Ἐρμῆς

324 1571 467 1649 μάλιστα
497 1569 583 1632 δοκεῖ
610 1572 698 1632 θεῶν
728 1572 849 1651 ἐφορᾶν
871 1577 925 1631 καί
949 1573 1057 1646 αὔξειν
1080 1575 1238 1649 ποίμνας.
1255 1619 1260 1630 .
1277 1619 1304 1630 ..
1327 1575 1381 1631 τὸν
1404 1569 1439 1629 δὲ
1461 1572 1496 1630 ἐν

325 1694 431 1775 ιελειῇ
454 1693 582 1776 Μητρὸς
604 1695 657 1753 ἐπί
680 1691 784 1775 Ἑρμῇ
805 1693 982 1772 λεγόμενον
1004 1701 1059 1754 καί
1081 1699 1122 1772 τῷ
1145 1699 1223 1776 κριῷ
1246 1694 1346 1772 λόγον
1368 1696 1495 1754 ἐπιστά-

324 1838 420 1895 μενος
444 1819 482 1876 οὐ
506 1816 589 1895 λέγω
614 1808 810 1893 (Corinthi).

372 2055 527 2122 Arietem
558 2076 664 2143 quam
696 2056 870 2123 artissime
894 2076 973 2124 oum
999 2063 1122 2146 Ἑρμοῦ
1145 2057 1243 2126 cultu
1267 2057 1453 2125 cohaerere
1477 2079 1497 2126 e

326 2178 480 2245 nummis
503 2198 642 2266 quoque
666 2178 842 2246 nonnullis
866 2185 1029 2267 apparet:

371 2302 520 2385 Phenei,
541 2300 637 2369 urbis
658 2301 847 2383 Arcadiae,
869 2304 1048 2370 autonomi
1067 2302 1275 2388 (mo-362,
1297 2310 1332 2371 et
1343 2308 1495 2392 postea):

327 2423 405 2491 adv.
437 2430 559 2513 Ἑρμοῦ
582 2431 703 2513 caput,
728 2446 781 2492 av.
802 2427 910 2509 aries3
935 2426 1013 2493 adv.
1037 2428 1128 2493 aries
1151 2427 1332 2510 dimidius,
1357 2449 1410 2495 av.
1436 2447 1496 2495 oa-

327 2548 468 2618 ducens.

363 2668 470 2743 ¹Head
492 2670 576 2758 378,
602 2673 816 2741 Head-Svor.
840 2676 856 2742 Ι
879 2674 956 2742 570.

371 2797 616 2866 Samothraces
642 2800 821 2866 autonomi
846 2799 951 2884 (eirca
972 2798 1071 2887 300);
1096 2799 1249 2867 anterior
1272 2821 1353 2888 pars
1376 2803 1497 2870 arietis

327 2921 399 2989 sive
422 2927 528 3009 caput
551 2922 757 3007 arietinum,
782 2929 817 2990 et
834 2923 1018 2991 caduceus.

372 3043 469 3112 Head
492 3043 575 3126 226,
601 3045 816 3114 Head-Svor.
841 3047 856 3113 Ι
879 3045 956 3113 333.

373 3168 552 3256 Tanagrae
596 3169 692 3257 (vide
731 3190 836 3257 supra
879 3171 981 3237 Paua.
1016 3170 1065 3236 IX
1099 3168 1153 3251 22,
1190 3170 1225 3256 i)
1261 3172 1494 3259 imperatorii:

328 3296 447 3380 Ἑρμῆς
469 3293 614 3359 arietem
638 3292 794 3360 humeris
816 3298 967 3381 gestans.

372 3416 470 3483 Head
493 3415 578 3502 295,
601 3416 818 3485 Head-Svor.
842 3418 857 3484 Ι
880 3417 957 3485 444.

372 3539 526 3629 Aeginae
560 3541 792 3630 imperatorii:
825 3547 945 3630 Ἑρμῆς
975 3541 1119 3609 arietem
1154 3541 1310 3610 humeris
1343 3547 1497 3630 gestans

373 3663 470 3730 Head
504 3662 588 3746 334,
621 3652 835 3731 Head-Svor.
871 3664 886 3730 Ι
921 3663 1005 3750 4963
1038 3665 1075 3731 in
1111 3667 1265 3732 nummis
1299 3666 1498 3733 autonomis

318 3784 513 3872 ‚Aeginaeis
544 3784 579 3872 (3
611 3791 646 3852 et
678 3785 700 3851 2
731 3805 798 3853 seo.
831 3806 860 3853 a.
894 3786 973 3855 Chr.
999 3791 1047 3872 n.)
1072 3794 1178 3875 caput
1200 3788 1389 3854 arietinum
1414 3807 1497 3854 oon·

328 3910 482 3997 spicitur.
509 3908 605 3976 Head
628 3909 650 3976 l.
664 3909 702 3987 l.,
725 3907 935 3976 Head-Svor.
959 3908 1015 3976 l.l.
