3442 5175
802 411 865 480 111

248 625 287 699 τῇ
316 624 355 698 γῇ
383 624 438 678 καί
468 616 706 697 ἀνεβλάστησεν
737 616 842 689 αὖθις,
873 621 928 675 καί
958 616 1042 675 ἐστιν
1074 617 1092 674 ὁ
1121 615 1243 685 κότινος
1271 617 1417 692 πεφυκὼς

247 745 305 817 ἐτι,
320 737 345 821 1)
376 748 429 803 τόν
452 740 485 803 ύέ
510 742 677 825 Ἡρακλέα
700 741 850 820 λέγουσιν
874 742 1048 822 ἀνευρόντα
1072 744 1125 800 τόν
1147 742 1226 821 πρός
1249 744 1285 818 τῇ
1305 735 1416 818 Σαρω-

247 866 315 928 νίύι
337 870 461 929 κότινον
484 871 549 929 ἀπὸ
573 870 683 928 τούτου
706 872 810 944 τεμεῖν
834 865 989 946 ῥόπαλον.

296 1108 314 1197 ξ
336 1106 412 1176 138.
439 1107 504 1199 [1].
531 1109 756 1177 Troezene
780 1107 975 1198 (Hippolyti
998 1106 1167 1191 oleaster).

296 1235 398 1302 Paus.
423 1234 456 1301 Il
480 1233 541 1321 32,
564 1234 617 1302 10.
638 1244 690 1303 ἐπί
708 1241 886 1302 θάλασσαν
905 1238 939 1299 ύέ
957 1245 1013 1318 τὴν
1035 1238 1174 1318 Ψιφαίαν
1192 1238 1417 1320 πορευομένοις

249 1369 372 1437 κότινος
402 1368 542 1445 πέφυκεν
572 1367 812 1445 ὀνομαζόμενος
842 1368 941 1446 ῥᾶχος
971 1365 1125 1446 στρεπτός.
1156 1366 1275 1443 ῥάχους
1295 1366 1356 1440 μὲν
1379 1359 1418 1438 όὴ

249 1491 388 1551 καλούοι
410 1489 591 1572 Τροιζήνιοι
611 1498 677 1553 πάν
696 1494 773 1552 ὅσον
793 1493 939 1572 ἄκαρπον
958 1489 1080 1563 ἐλαίας,
1096 1490 1221 1548 κότινον
1230 1492 1285 1547 καί
1296 1486 1418 1565 φυλίαν

249 1621 306 1675 καί
336 1615 459 1677 ἔλαιον·
492 1618 641 1700 στρεπτὸν
671 1613 705 1675 ol
728 1614 968 1693 ἐπονομάζουσι
990 1617 1108 1688 τοῦτον,
1135 1615 1181 1673 ὅτι
1204 1611 1418 1691 ἐνσχεθεισῶν

251 1742 336 1819 αύτῷ
359 1747 420 1803 τῶν
443 1745 541 1820 ηνιῶν
563 1742 724 1822 ἀνετράπη
747 1744 802 1801 τού
821 1738 1017 1800 Ἱππολύτου
1040 1741 1075 1798 τό
1097 1740 1195 1820 άρμα.

297 1983 315 2072 5
337 1982 413 2052 139.
441 1981 494 2075 [5]
520 1982 746 2050 Troezene
770 1980 966 2069 (Phaedrae
989 1981 1155 2069 myrtus).

297 2106 400 2175 Paus.
423 2107 456 2174 ΙΙ
479 2106 533 2188 32,
557 2106 590 2175 3.
624 2114 767 2174 ἐνταῦθα
791 2114 835 2173 ἐτι
858 2114 1008 2192 ἐπεφύκει
1031 2116 1052 2191 η
1074 2115 1211 2194 μυρσίνη
1235 2116 1273 2172 τότ
1295 2110 1416 2190 φύλλα,

252 2241 294 2310 ὡς
323 2245 377 2299 καί
408 2241 560 2322 πρότερον
587 2240 732 2322 ἔγραψα,
757 2240 878 2319 ἐχουσα
900 2238 1123 2321 τετρυπημένα·
1147 2242 1202 2297 καί
1224 2239 1319 2314 ηνίκα
1340 2239 1417 2314 ηπο-

153 2423 157 2428 ,
252 2370 335 2446 ρεῖτο
366 2367 387 2442 η
418 2361 542 2446 Φαίόρα
570 2370 625 2425 καί
655 2366 819 2446 ῥᾳστώνην
849 2367 891 2441 τῷ
914 2363 1004 2444 ἔρωτι
1027 2357 1181 2439 ούόεμίαν
1205 2361 1363 2442 εύρισκεν,
1388 2360 1419 2430 ἐς

253 2490 366 2569 ταύτης
386 2493 424 2549 τά
447 2488 559 2568 φύλλα
581 2490 773 2571 ἐσιναμώρει
795 2494 847 2567 τῆς
869 2489 1031 2570 μυρσίνης.

297 2734 316 2822 ξ
348 2731 424 2802 llo.
461 2731 526 2825 [6].
561 2734 609 2800 ln
642 2733 826 2822 regione
859 2730 1119 2800 Aulocrena
1144 2728 1319 2817 (Marsyae
1341 2728 1417 2817 pla-

253 2858 385 2947 tanus).

298 2982 387 3053 Plin.
411 2984 454 3051 H.
479 2984 521 3053 N.
544 2982 625 3051 XVI
648 2982 703 3051 89.
729 2983 920 3072 Regionem
942 2980 1162 3049 Aulocrenen
1182 2978 1344 3064 diximus,
1356 2997 1418 3067 per

253 3127 360 3195 quam
395 3107 438 3175 ab
475 3106 622 3196 Apamia
656 3107 691 3174 in
716 3106 906 3195 Phrygiam
930 3106 1019 3189 itur3
1043 3105 1092 3174 ibi
1115 3103 1276 3193 platanus
1300 3108 1417 3170 osten-

253 3230 367 3317 ditur,
390 3251 432 3299 ex
456 3252 525 3319 qua
546 3231 751 3320 pependerit
773 3232 930 3320 Marsyas
949 3230 1062 3299 vietus
1081 3229 1124 3297 ab
1139 3227 1315 3317 Apolline,
1328 3247 1418 3316 quae

252 3357 322 3423 iam
345 3361 423 3425 tum
446 3355 689 3444 magnitudine
712 3355 821 3424 eleota
845 3361 909 3426 est.

298 3606 315 3695 ἓ
339 3604 401 3674 111
428 3604 494 3696 [7].
518 3604 566 3673 ln
589 3604 738 3692 Creta,
763 3612 844 3674 ante
868 3610 1010 3674 antrum
1033 3605 1176 3673 Idaeum
1189 3604 1275 3694 (Διὸς
1288 3600 1417 3691 arbor).

300 3729 474 3818 Theophr.
510 3728 554 3796 Η.
588 3729 626 3797 P.
656 3728 706 3796 ΙΙΙ
729 3728 762 3817 3,
784 3729 816 3796 4.
840 3733 900 3798 Ἐν
921 3735 1030 3819 Κρήτη
1054 3735 1087 3796 dd
1109 3742 1164 3797 καί
1187 3740 1320 3817 αἴγειροι
1341 3737 1416 3818 κάρ-

252 3884 346 3940 πιμοι
379 3862 510 3934 πλείους
539 3864 609 3923 είσί·
640 3865 701 3941 μία
731 3866 791 3940 μέν
822 3864 857 3923 ἐν
881 3867 923 3941 τῷ
947 3865 1065 3940 στομίῳ
1088 3866 1143 3922 τοῦ
1166 3862 1282 3942 ἄντρου
1305 3864 1360 3921 τού
1383 3861 1418 3919 ἐν

252 3994 289 4069 τῇ
310 3985 399 4070 Ἰύη,
423 3988 458 4048 ἐν
480 3988 506 4065 ᾧ
528 3991 567 4048 τὰ
589 3987 786 4066 ἀναθήματα
810 3989 974 4050 ἀνάκειται
997 4009 1025 4049 κ.
1039 4010 1063 4048 τ.
1077 3987 1107 4047 λ.

291 4237 310 4307 ¹)
331 4237 457 4291 Imhoofii
477 4240 505 4290 et
524 4235 658 4291 Gardneri
679 4237 817 4290 sententia
836 4238 881 4304 (N.
902 4236 933 4291 0.
951 4254 977 4305 p.
996 4238 1043 4304 47)
1058 4235 1104 4288 hio
1120 4234 1237 4288 oleaster
1247 4232 1416 4301 oonspioitur

253 4328 283 4379 in
310 4344 420 4380 nummo
449 4326 598 4380 Troezenio
626 4326 753 4395 Septimii
783 4327 877 4380 Severi
906 4326 995 4395 effigie
1023 4325 1145 4395 signeto,
1173 4324 1255 4376 iuxta
1284 4322 1417 4389 templum

253 4411 381 4486 Ἀθηνᾶς
407 4413 577 4483 Σθενιάδος,
603 4416 633 4468 in
661 4432 723 4469 aree
752 4416 799 4483 (N.
828 4416 867 4484 d,
892 4415 947 4468 tab.
966 4414 1002 4468 M.
1022 4418 1064 4481 4);
1083 4414 1130 4467 sed
1150 4415 1222 4465 hano
1243 4412 1369 4464 arborem
1388 4412 1417 4463 in

254 4505 313 4558 foro
332 4507 438 4559 stetisse
458 4507 607 4559 Pausanias
626 4509 754 4557 testatur.
