3442 5175
786 382 853 455 269

234 598 351 646 rerum
384 577 662 647 memorabilium
693 585 767 647 tam
800 582 967 669 cupidum
992 582 1118 665 fuisse,
1142 588 1182 651 ut
1206 604 1327 653 omnes
1351 604 1409 653 eas

234 702 474 770 venerationes
505 702 670 772 obscuras
700 706 737 771 in
761 705 881 773 lumen
905 708 1061 795 proferre
1084 729 1168 796 prae
1189 709 1313 776 ceteris
1337 715 1409 777 stu-

233 824 340 894 deret.
366 826 466 905 Quod
489 829 618 915 partim
642 829 815 917 explicare
840 832 1011 918 concedo,
1035 853 1098 901 cur
1122 819 1215 921 apud
1228 853 1286 901 eos
1298 834 1409 922 scrip·

233 954 326 1018 tores
348 953 485 1040 saepius
504 952 547 1019 de
567 953 718 1022 cultibus
737 955 860 1043 priscis
882 958 1011 1024 mentio
1028 957 1089 1024 liat
1102 978 1209 1046 quam
1221 958 1259 1025 in
1271 959 1409 1047 scriptis

233 1094 314 1141 vere
344 1076 514 1165 antiquis3
539 1079 598 1146 sed
623 1084 741 1147 tamen
764 1081 873 1148 altum
899 1082 1026 1149 horum
1049 1082 1228 1150 silentium
1251 1083 1409 1150 admira-

232 1199 363 1267 tionem
389 1208 516 1270 movet.

277 1323 294 1412 ἓ
317 1323 371 1392 84.
393 1327 492 1405 Quod
514 1328 558 1395 ad
570 1327 722 1397 artifices
734 1330 943 1418 posteriores
955 1331 1098 1412 attinet,
1113 1351 1183 1398 non
1195 1331 1296 1399 video
1309 1352 1371 1399 cur
1383 1332 1408 1398 ii

232 1451 469 1539 superioribus
489 1453 532 1520 ad
546 1453 700 1542 lapidum
714 1453 950 1542 arborumque
963 1453 1200 1530 adorationem
1215 1456 1407 1544 depingen-

232 1575 313 1642 dam
332 1578 574 1665 propensiores
596 1578 707 1645 suturi
719 1577 869 1662 fuerint,
883 1578 950 1645 nisi
963 1584 1058 1646 certa
1075 1578 1247 1667 quaedam
1260 1580 1407 1648 huiusce

231 1701 283 1767 rei
317 1721 421 1769 causa
455 1701 654 1769 exstitisset.
687 1701 810 1788 Neque
833 1702 980 1770 fortasse
1003 1702 1144 1771 difficile
1168 1709 1239 1788 est,
1265 1724 1407 1772 causam

232 1824 327 1892 illam
358 1826 544 1914 indagare,
576 1847 677 1912 nam,
710 1801 742 1894 si
774 1831 911 1894 rectum
936 1825 1056 1911 video,
1080 1847 1156 1893 eam
1181 1828 1407 1917 inpromptu

231 1949 419 2018 habemus:
445 1951 631 2018 nonenim
656 1951 693 2018 in
718 1950 1007 2038 superstitionum
1030 1951 1225 2037 priscarum
1238 1952 1407 2040 ipsarum,

231 2076 349 2143 sedin
372 2075 753 2163 anthropomorphismi
777 2073 923 2142 historia
946 2073 1055 2141 latere
1079 2074 1228 2142 videtur.

275 2200 292 2288 §
316 2199 369 2267 85.
395 2200 579 2288 Nusquam
604 2199 1015 2288 anthropomorphismus
1041 2199 1226 2288 perfectius
1247 2200 1407 2268 excultus

231 2329 283 2393 est
314 2345 421 2413 quam
444 2323 537 2413 apud
558 2324 725 2409 Graecos;
749 2324 868 2413 populi
892 2324 1078 2392 orientales
1101 2324 1183 2393 deos
1207 2325 1407 2392 hominibus

230 2468 372 2537 prorsus
404 2448 596 2516 assimilare
628 2469 766 2537 semper
797 2449 901 2516 veriti
929 2454 1027 2529 sunt,
1054 2468 1169 2536 neque
1193 2448 1317 2516 Graeci
1340 2449 1406 2537 ipsi

226 2592 370 2662 quoque
401 2573 468 2642 nisi
489 2573 740 2663 pedetemptim
761 2574 894 2642 hancce
918 2573 1165 2642 verecundiam
1191 2573 1405 2642 abiecerunt.

230 2697 417 2787 Ἀφροόίτη,
441 2699 637 2787 antiquitus
661 2699 800 2767 divinae
823 2699 1017 2766 maiestatis
1040 2699 1154 2787 plena,
1178 2704 1297 2788 postea
1318 2698 1405 2766 nihil

230 2828 305 2889 erat
328 2823 395 2890 nisi
419 2822 548 2890 femina
571 2802 718 2912 pulchra
738 2822 898 2912 quidem,
923 2823 983 2890 sed
1009 2822 1133 2890 frivola
1152 2824 1324 2912 planeque
1336 2824 1405 2891 hu-

230 2966 351 3028 mana3
394 2948 490 3014 omni
531 2946 746 3015 sublimitate
789 2967 929 3029 carens,
970 2947 1270 3035 pulchritudinem
1305 2968 1404 3015 snam

228 3070 356 3139 lascive
391 3072 500 3139 oculis
533 3071 711 3159 prodebat.
748 3071 932 3154 Ἀπόλλων,
969 3072 1165 3160 antiquitus
1205 3071 1405 3139 adolescens

229 3216 310 3263 vere
347 3195 505 3281 divinus,
533 3195 735 3284 splendidus
765 3201 872 3284 atque
903 3197 1004 3284 quasi
1035 3196 1112 3263 luce
1147 3196 1405 3282 circumdatus,

228 3325 348 3407 postea
382 3320 478 3387 omni
514 3320 699 3387 divinitate
740 3321 899 3409 privatus
939 3327 1023 3388 'cum
1059 3319 1189 3388 lacerta
1225 3320 1349 3388 ludens
1384 3342 1404 3387 a

228 3463 365 3511 summo
401 3443 495 3512 illins
526 3444 652 3512 aetatis
683 3444 818 3513 artifice
854 3465 1029 3512 marmore
1059 3445 1133 3512 sive
1165 3466 1245 3512 aere
1268 3445 1404 3513 effictus

228 3574 291 3636 est.
324 3567 378 3635 Ita
409 3569 821 3658 anthropomorphismus
852 3569 965 3657 magis
989 3570 1170 3657 magisque
1194 3568 1237 3636 ad
1263 3569 1403 3637 ultimos

228 3692 315 3761 fines
364 3714 445 3762 suos
493 3694 669 3780 decurrit,
721 3701 755 3762 et
796 3694 879 3763 deos
921 3694 976 3761 vel
1018 3693 1062 3759 ad
1105 3693 1190 3760 satis
1232 3694 1403 3761 humilem

228 3816 461 3885 conditionem
504 3818 696 3886 humanam
735 3819 914 3907 relegavit.
950 3819 1075 3885 Nonne
1109 3817 1184 3884 fieri
1207 3818 1339 3905 potuit,
1363 3822 1404 3885 ut

228 3942 490 4029 superstitiones
532 3944 684 4030 priscae,
727 3962 922 4032 numquam
964 3943 1066 4031 plane
1108 3943 1318 4027 exstinctae,
1360 3963 1403 4009 ex

227 4087 267 4134 eo
301 4067 375 4156 ipso
410 4087 518 4135 novas
550 4068 642 4135 vires
676 4068 873 4156 acciperent
908 4067 1001 4157 quod
1035 4067 1255 4135 adversarius
1289 4071 1329 4133 ut
1352 4067 1402 4133 ita

227 4190 339 4258 dicam
374 4192 411 4258 in
445 4191 519 4259 dies
550 4192 660 4280 magis
690 4191 985 4259 labefactaretur?
1009 4190 1085 4269 Quo
1108 4193 1203 4259 enim
1225 4198 1401 4280 tempore,

227 4314 371 4384 deorum
403 4316 518 4384 cultus
544 4317 752 4384 anctoritate
776 4316 983 4400 imminuta,
1008 4317 1125 4383 variae
1149 4317 1402 4404 cuiuscumque

227 4440 363 4526 generis
386 4441 650 4528 superstitiones
673 4460 736 4528 per
757 4442 871 4507 totum
892 4441 1080 4530 imperium
1102 4441 1299 4510 Romanum
1319 4461 1400 4531 per-
