3442 5175
797 434 841 503 27

232 637 351 700 tamen
386 632 490 699 cultis
525 632 707 699 dicamusl
743 632 867 699 Nonne
899 631 1407 716 rectellarillie1·.1)animad-

234 758 357 842 vertit,
382 757 527 825 minime
552 757 626 824 veri
650 777 724 824 esse
748 755 879 840 simile,
900 757 1077 824 bominem
1097 756 1288 841 incultum,
1310 762 1408 824 ante·

234 904 340 971 quam
363 882 586 949 totemismus
608 881 760 968 vigeret,
784 880 905 968 genios
925 881 991 949 sibi
1012 880 1198 949 malevolos
1211 882 1248 949 in
1261 881 1408 969 rupibus

233 1006 477 1096 lapidibusque
511 1003 721 1094 quibusdam
757 1004 917 1072 habitare
953 1005 1160 1099 credidisse,
1193 1026 1258 1072 nec
1288 1010 1407 1072 tamen

234 1153 292 1200 eos
319 1131 457 1220 placare
481 1129 833 1217 benevolentiamque
857 1150 979 1198 eorum
1003 1129 1069 1197 sibi
1093 1129 1282 1197 conciliare·
1302 1149 1407 1196 cona-

234 1260 311 1324 tum
335 1255 434 1322 esset
458 1253 557 1332 Quod
581 1254 708 1322 Jevons
731 1253 809 1321 ideo
834 1259 973 1322 tantum
996 1254 1175 1343 perhibet,
1196 1255 1278 1343 quia
1297 1254 1407 1322 notis-

235 1380 363 1448 simum
386 1378 491 1446 illud:

459 1503 620 1571 »Primus
643 1503 680 1570 in
705 1497 788 1570 orbe
811 1503 918 1570 timor
941 1502 1024 1570 fecit
1047 1501 1161 1587 deos'',
1175 1502 1202 1589 2)

236 1628 330 1718 quod
354 1627 470 1694 Hume
494 1631 529 1693 et
552 1628 719 1716 permulti
742 1627 801 1694 alii
825 1633 1053 1715 acceperunt,
1077 1647 1221 1715 prorsus
1244 1626 1409 1694 abiicien-

236 1751 320 1819 dum
363 1756 489 1818 censet.
533 1751 705 1839 Equidem
740 1751 831 1818 hanc
866 1752 1065 1839 opinionem
1099 1750 1248 1840 probare
1282 1751 1408 1829 nolim,

236 1896 319 1943 nam
347 1896 385 1942 re
416 1895 499 1942 vera
528 1874 635 1942 timor
664 1874 873 1963 plerumque
903 1875 1062 1942 homines
1093 1874 1137 1941 ad
1169 1874 1408 1942 venerandum

167 2060 178 2078 ,
235 1999 438 2089 perduxisse
474 1998 561 2064 mihi
595 1997 745 2066 videtur.
781 1997 952 2076 Quocirca
983 2019 1053 2066 non
1084 1998 1205 2082 credo,
1236 2018 1342 2085 rupes
1374 2003 1410 2065 et

181 2171 184 2175 ι
235 2124 368 2213 lapides
397 2122 516 2207 rudes,
548 2127 690 2211 propter
722 2123 937 2211 singularem
970 2121 1120 2210 liguram
1152 2128 1213 2190 aut
1237 2122 1341 2190 aliam
1366 2122 1409 2190 ob

237 2266 378 2315 causam
419 2247 604 2334 potestatis
646 2247 827 2315 cuiusdam
864 2246 1003 2313 divinae
1040 2245 1139 2313 sedes
1175 2245 1329 2331 habitos,
1365 2247 1408 2314 ab

237 2371 437 2439 hominibus
468 2392 537 2439 non
569 2372 670 2460 prius
702 2372 814 2439 cultos
838 2390 934 2455 esse,
959 2391 1065 2459 quam
1091 2390 1169 2437 cum
1195 2370 1264 2437 aris
1287 2375 1419 2453 antea,

237 2500 277 2562 ut
300 2496 349 2562 ita
373 2495 506 2575 dicam,
531 2471 770 2579 toternisticis,
795 2495 931 2562 contusi
955 2500 1088 2577 essent;
1113 2495 1305 2563 multorum
1329 2496 1410 2584 qui-

237 2619 315 2687 dem
347 2618 503 2707 lapidum
534 2624 731 2687 erectorum
763 2620 836 2687 sive
867 2620 1009 2687 rudium
1035 2620 1106 2687 sive
1131 2619 1288 2704 obelisci,
1313 2621 1409 2705 coni,

237 2742 429 2833 pyramidis
462 2744 575 2811 torma
613 2744 867 2811 instructorum
900 2744 1160 2811 venerationem
1190 2743 1336 2811 fortasse
1367 2764 1409 2811 ex

238 2868 402 2936 altarium
447 2888 513 2936 usu
553 2871 668 2934 ortam
704 2887 778 2935 esse
813 2865 983 2953 concede,
1018 2868 1078 2936 sed
1112 2872 1221 2935 totam
1257 2868 1410 2936 levonsii

239 2992 474 3060 coniecturam
504 2991 662 3079 accipere
687 2991 805 3058 nolim.
830 2990 930 3069 Quod
955 2991 1000 3058 ad
1023 3011 1127 3060 conos
1152 2997 1187 3059 et
1209 2993 1410 3080 pyramides

239 3116 382 3200 attinet,
417 3116 454 3183 in
485 3115 547 3182 hos
580 3134 720 3202 quoque
746 3135 816 3181 non
839 3115 908 3182 nisi
931 3116 1060 3203 partim
1084 3108 1328 3204 interpretatio
1350 3117 1410 3184 illa

239 3239 406 3328 quadrat3
441 3259 524 3306 nam
559 3244 599 3306 ut
623 3259 744 3307 omnes
767 3238 818 3305 illi
843 3239 1005 3307 manibus
1028 3239 1192 3307 humanis
1216 3239 1273 3306 tali
1298 3241 1410 3309 forma

238 3363 400 3431 instructi
435 3364 505 3431 sint
540 3363 683 3430 minime
714 3382 853 3430 necesse
885 3368 954 3442 est;
979 3364 1062 3452 quia
1085 3364 1177 3431 enirn
1202 3364 1410 3434 fetissismus

239 3489 414 3577 singulare
438 3488 605 3577 quiddam
629 3486 796 3575 requirit,
820 3486 952 3574 lapides
976 3486 1098 3571 rudes,
1123 3507 1209 3555 cono
1231 3488 1283 3555 vel
1302 3510 1409 3577 pyra·

240 3613 325 3679 midi
348 3632 487 3701 quoquo
512 3611 614 3679 modo
637 3610 782 3694 similes,
808 3609 851 3677 ob
875 3611 986 3698 ipsam
1012 3611 1106 3678 illam
1132 3611 1281 3701 figuram
1301 3615 1410 3682 animi

239 3736 385 3804 alicuius
409 3737 532 3803 domus
556 3735 706 3803 creditos
730 3756 804 3803 esse
830 3736 1016 3803 verisimile
1041 3736 1128 3803 mihi
1152 3738 1300 3806 videtur.

283 3860 377 3949 §32
415 3839 582 3929 Attamen
606 3865 745 3949 praeter
768 3862 917 3928 formam
942 3862 1138 3950 complures
1163 3863 1248 3932 alias
1271 3885 1410 3953 quoque

278 4147 296 4212 ¹)
325 4148 354 4198 L.
383 4146 535 4212 Marillier,
563 4148 603 4198 La
627 4147 706 4215 place
732 4147 769 4198 dn
794 4145 950 4201 totdmisme
976 4163 1036 4214 cap.
1057 4148 1131 4214 VII,
1150 4149 1244 4201 Rovue
1265 4150 1297 4201 de
1316 4150 1410 4203 l'Hist.

240 4235 286 4287 des
306 4235 365 4286 Rel.
385 4239 454 4287 1898
474 4238 538 4287 tom.
559 4238 592 4286 37
611 4251 638 4302 p.
658 4238 718 4287 227.

276 4323 296 4388 a)
323 4323 392 4374 Stat.
411 4322 498 4375 Theb.
518 4324 565 4374 III
586 4327 652 4389 6613
672 4324 783 4376 Patron.
804 4326 838 4376 fr.
860 4327 917 4390 27,1
940 4325 1261 4377 Buecheler=Anthol
1281 4328 1341 4377 Lat.
1362 4327 1410 4378 III

241 4415 333 4477 119,1;
353 4411 427 4464 Serv.
448 4412 484 4463 ad
504 4414 572 4465 Aen.
594 4414 624 4464 II
645 4416 711 4480 7153
731 4414 859 4482 Fulgent.
880 4414 997 4482 Mythol.
1017 4415 1031 4465 I
1054 4417 1066 4465 1
1088 4432 1114 4481 p.
1135 4418 1183 4481 313
1201 4416 1276 4467 Lact.
1295 4415 1410 4467 adStat.
1434 4472 1437 4476 ⁴

242 4500 326 4552 Theb.
347 4501 394 4552 III
415 4504 475 4554 661.
