<?xml version="1.0" encoding="UTF-8"?>
<!DOCTYPE html PUBLIC "-//W3C//DTD XHTML 1.0 Transitional//EN"
    "http://www.w3.org/TR/xhtml1/DTD/xhtml1-transitional.dtd">
<html xmlns="http://www.w3.org/1999/xhtml" xml:lang="en" lang="en">
 <head>
  <title>
</title>
<meta http-equiv="Content-Type" content="text/html;charset=utf-8" />
  <meta name='ocr-system' content='tesseract 3.04.00' />
  <meta name='ocr-capabilities' content='ocr_page ocr_carea ocr_par ocr_line ocrx_word'/>
</head>
<body>
  <div class='ocr_page' id='page_1' title='image "./degraecorumdiis00vissgoog_0277.png"; bbox 0 0 3442 5175; ppageno 0'>
   <div class='ocr_carea' id='block_1_1' title="bbox 281 582 1410 678">
    <p class='ocr_par' dir='ltr' id='par_1_1' title="bbox 281 582 1410 678">
     <span class='ocr_line' id='line_1_1' title="bbox 281 582 1410 678; baseline -0.001 -23"><span class='ocrx_word' id='word_1_1' title='bbox 281 582 377 665; x_wconf 78' lang='lat' dir='ltr'>Quae</span> <span class='ocrx_word' id='word_1_2' title='bbox 401 587 518 678; x_wconf 92' lang='lat' dir='ltr'>omnia</span> <span class='ocrx_word' id='word_1_3' title='bbox 537 586 679 654; x_wconf 84' lang='lat' dir='ltr'>Graecis</span> <span class='ocrx_word' id='word_1_4' title='bbox 698 586 821 674; x_wconf 79' lang='lat' dir='ltr'>priscis</span> <span class='ocrx_word' id='word_1_5' title='bbox 841 587 1059 654; x_wconf 88' lang='lat' dir='ltr'>venerationi</span> <span class='ocrx_word' id='word_1_6' title='bbox 1077 587 1184 656; x_wconf 87' lang='lat' dir='ltr'>foisse</span> <span class='ocrx_word' id='word_1_7' title='bbox 1204 592 1306 676; x_wconf 89' lang='lat' dir='ltr'>puto,</span> <span class='ocrx_word' id='word_1_8' title='bbox 1328 606 1410 654; x_wconf 89' lang='lat' dir='ltr'>narn</span> 
     </span>
    </p>
   </div>
   <div class='ocr_carea' id='block_1_2' title="bbox 150 710 1411 926">
    <p class='ocr_par' dir='ltr' id='par_1_2' title="bbox 150 710 1411 926">
     <span class='ocr_line' id='line_1_2' title="bbox 150 710 1411 801; baseline 0.002 -23"><span class='ocrx_word' id='word_1_9' title='bbox 150 763 151 768; x_wconf 30' lang='lat'>1</span> <span class='ocrx_word' id='word_1_10' title='bbox 236 710 373 801; x_wconf 84' lang='lat' dir='ltr'>fabulae</span> <span class='ocrx_word' id='word_1_11' title='bbox 395 710 475 779; x_wconf 87' lang='lat' dir='ltr'>illae</span> <span class='ocrx_word' id='word_1_12' title='bbox 499 731 620 780; x_wconf 86' lang='lat' dir='ltr'>eorum</span> <span class='ocrx_word' id='word_1_13' title='bbox 645 712 868 780; x_wconf 81' lang='lat' dir='ltr'>sanctitatem</span> <span class='ocrx_word' id='word_1_14' title='bbox 891 711 1067 796; x_wconf 90' lang='lat' dir='ltr'>indicant;</span> <span class='ocrx_word' id='word_1_15' title='bbox 1088 713 1173 801; x_wconf 91' lang='lat' dir='ltr'>quin</span> <span class='ocrx_word' id='word_1_16' title='bbox 1194 713 1301 780; x_wconf 90' lang='lat' dir='ltr'>etiam</span> <span class='ocrx_word' id='word_1_17' title='bbox 1321 713 1411 780; x_wconf 87' lang='lat' dir='ltr'>Pau-</span> 
     </span>
     <span class='ocr_line' id='line_1_3' title="bbox 236 836 1411 926; baseline 0.001 -24"><span class='ocrx_word' id='word_1_18' title='bbox 236 837 354 903; x_wconf 91' lang='lat' dir='ltr'>saniae</span> <span class='ocrx_word' id='word_1_19' title='bbox 375 841 489 903; x_wconf 90' lang='lat' dir='ltr'>aetate</span> <span class='ocrx_word' id='word_1_20' title='bbox 513 836 672 905; x_wconf 90' lang='lat' dir='ltr'>homines</span> <span class='ocrx_word' id='word_1_21' title='bbox 696 836 973 926; x_wconf 89' lang='lat' dir='ltr'>superstitiosos,</span> <span class='ocrx_word' id='word_1_22' title='bbox 998 857 1086 924; x_wconf 90' lang='lat' dir='ltr'>quos</span> <span class='ocrx_word' id='word_1_23' title='bbox 1110 857 1284 925; x_wconf 86' lang='lat' dir='ltr'>quemque</span> <span class='ocrx_word' id='word_1_24' title='bbox 1310 837 1411 925; x_wconf 90' lang='lat' dir='ltr'>stipi-</span> 
     </span>
    </p>
   </div>
   <div class='ocr_carea' id='block_1_3' title="bbox 235 960 1555 1050">
    <p class='ocr_par' dir='ltr' id='par_1_3' title="bbox 235 960 1555 1050">
     <span class='ocr_line' id='line_1_4' title="bbox 235 960 1555 1050; baseline 0.001 -23"><span class='ocrx_word' id='word_1_25' title='bbox 235 965 308 1027; x_wconf 87' lang='lat' dir='ltr'>tem</span> <span class='ocrx_word' id='word_1_26' title='bbox 342 965 378 1027; x_wconf 88' lang='lat' dir='ltr'>et</span> <span class='ocrx_word' id='word_1_27' title='bbox 412 980 589 1048; x_wconf 81' lang='lat' dir='ltr'>quemque</span> <span class='ocrx_word' id='word_1_28' title='bbox 622 960 774 1050; x_wconf 81' lang='lat' dir='ltr'>lapidem</span> <span class='ocrx_word' id='word_1_29' title='bbox 810 966 958 1028; x_wconf 89' lang='lat' dir='ltr'>unctum</span> <span class='ocrx_word' id='word_1_30' title='bbox 994 961 1155 1028; x_wconf 90' lang='lat' dir='ltr'>venerari</span> <span class='ocrx_word' id='word_1_31' title='bbox 1190 960 1308 1029; x_wconf 88' lang='lat' dir='ltr'>solitos</span> <span class='ocrx_word' id='word_1_32' title='bbox 1338 981 1412 1028; x_wconf 90' lang='lat' dir='ltr'>esse</span> <span class='ocrx_word' id='word_1_33' title='bbox 1493 1013 1496 1020; x_wconf 91' lang='lat'>.</span> <span class='ocrx_word' id='word_1_34' title='bbox 1552 1007 1555 1015; x_wconf 34' lang='grc' dir='ltr'>ι</span> 
     </span>
    </p>
   </div>
   <div class='ocr_carea' id='block_1_4' title="bbox 235 1084 1413 2170">
    <p class='ocr_par' dir='ltr' id='par_1_4' title="bbox 235 1084 1411 1424">
     <span class='ocr_line' id='line_1_5' title="bbox 236 1084 1411 1173; baseline 0.001 -22"><span class='ocrx_word' id='word_1_35' title='bbox 236 1084 395 1151; x_wconf 81' lang='lat' dir='ltr'>Clemens</span> <span class='ocrx_word' id='word_1_36' title='bbox 425 1084 684 1153; x_wconf 85' lang='lat' dir='ltr'>Alexandrinus</span> <span class='ocrx_word' id='word_1_37' title='bbox 716 1105 779 1153; x_wconf 91' lang='lat' dir='ltr'>nos</span> <span class='ocrx_word' id='word_1_38' title='bbox 814 1085 915 1152; x_wconf 89' lang='lat' dir='ltr'>docet</span> <span class='ocrx_word' id='word_1_39' title='bbox 929 1085 972 1170; x_wconf 85' lang='lat' dir='ltr'>l),</span> <span class='ocrx_word' id='word_1_40' title='bbox 998 1105 1039 1152; x_wconf 92' lang='lat' dir='ltr'>ea</span> <span class='ocrx_word' id='word_1_41' title='bbox 1059 1105 1199 1173; x_wconf 89' lang='lat' dir='ltr'>quoque</span> <span class='ocrx_word' id='word_1_42' title='bbox 1222 1106 1305 1152; x_wconf 84' lang='lat' dir='ltr'>saxa</span> <span class='ocrx_word' id='word_1_43' title='bbox 1329 1085 1411 1152; x_wconf 87' lang='lat' dir='ltr'>reli-</span> 
     </span>
     <span class='ocr_line' id='line_1_6' title="bbox 235 1208 1411 1298; baseline -0.002 -20"><span class='ocrx_word' id='word_1_44' title='bbox 235 1211 330 1298; x_wconf 82' lang='lat' dir='ltr'>giose</span> <span class='ocrx_word' id='word_1_45' title='bbox 354 1208 500 1277; x_wconf 90' lang='lat' dir='ltr'>coluisse</span> <span class='ocrx_word' id='word_1_46' title='bbox 524 1209 680 1276; x_wconf 85' lang='lat' dir='ltr'>coniicio.</span> <span class='ocrx_word' id='word_1_47' title='bbox 703 1209 936 1279; x_wconf 84' lang='lat' dir='ltr'>Sanctitatem</span> <span class='ocrx_word' id='word_1_48' title='bbox 957 1209 1049 1276; x_wconf 91' lang='lat' dir='ltr'>enim</span> <span class='ocrx_word' id='word_1_49' title='bbox 1071 1209 1185 1277; x_wconf 86' lang='lat' dir='ltr'>adhuc</span> <span class='ocrx_word' id='word_1_50' title='bbox 1198 1209 1411 1293; x_wconf 89' lang='lat' dir='ltr'>redolebant,</span> 
     </span>
     <span class='ocr_line' id='line_1_7' title="bbox 235 1332 1325 1424; baseline -0.003 -23"><span class='ocrx_word' id='word_1_51' title='bbox 235 1334 316 1402; x_wconf 90' lang='lat' dir='ltr'>licet</span> <span class='ocrx_word' id='word_1_52' title='bbox 340 1333 437 1402; x_wconf 84' lang='lat' dir='ltr'>cultu</span> <span class='ocrx_word' id='word_1_53' title='bbox 461 1333 603 1422; x_wconf 90' lang='lat' dir='ltr'>publico</span> <span class='ocrx_word' id='word_1_54' title='bbox 627 1353 697 1400; x_wconf 93' lang='lat' dir='ltr'>non</span> <span class='ocrx_word' id='word_1_55' title='bbox 722 1332 873 1424; x_wconf 85' lang='lat' dir='ltr'>amplius</span> <span class='ocrx_word' id='word_1_56' title='bbox 898 1332 1006 1400; x_wconf 85' lang='lat' dir='ltr'>fruita</span> <span class='ocrx_word' id='word_1_57' title='bbox 1031 1353 1104 1400; x_wconf 90' lang='lat' dir='ltr'>esse</span> <span class='ocrx_word' id='word_1_58' title='bbox 1128 1333 1325 1401; x_wconf 87' lang='lat' dir='ltr'>videantur.</span> 
     </span>
    </p>

    <p class='ocr_par' dir='ltr' id='par_1_5' title="bbox 236 1456 1413 2170">
     <span class='ocr_line' id='line_1_8' title="bbox 281 1456 1413 1546; baseline -0.001 -20"><span class='ocrx_word' id='word_1_59' title='bbox 281 1457 375 1546; x_wconf 71' lang='lat' dir='ltr'>§ol</span> <span class='ocrx_word' id='word_1_60' title='bbox 409 1458 482 1526; x_wconf 89' lang='lat' dir='ltr'>Neo</span> <span class='ocrx_word' id='word_1_61' title='bbox 513 1478 583 1526; x_wconf 91' lang='lat' dir='ltr'>non</span> <span class='ocrx_word' id='word_1_62' title='bbox 615 1457 757 1525; x_wconf 89' lang='lat' dir='ltr'>arbores</span> <span class='ocrx_word' id='word_1_63' title='bbox 787 1457 875 1525; x_wconf 91' lang='lat' dir='ltr'>tales</span> <span class='ocrx_word' id='word_1_64' title='bbox 904 1456 1023 1524; x_wconf 87' lang='lat' dir='ltr'>allerri</span> <span class='ocrx_word' id='word_1_65' title='bbox 1045 1478 1145 1546; x_wconf 89' lang='lat' dir='ltr'>posse</span> <span class='ocrx_word' id='word_1_66' title='bbox 1170 1456 1319 1543; x_wconf 79' lang='lat' dir='ltr'>confid03</span> <span class='ocrx_word' id='word_1_67' title='bbox 1344 1477 1413 1526; x_wconf 93' lang='lat' dir='ltr'>non</span> 
     </span>
     <span class='ocr_line' id='line_1_9' title="bbox 236 1571 1413 1671; baseline 0.002 -22"><span class='ocrx_word' id='word_1_68' title='bbox 236 1583 337 1651; x_wconf 84' lang='lat' dir='ltr'>aliter</span> <span class='ocrx_word' id='word_1_69' title='bbox 371 1583 465 1650; x_wconf 91' lang='lat' dir='ltr'>enim</span> <span class='ocrx_word' id='word_1_70' title='bbox 500 1583 728 1651; x_wconf 91' lang='lat' dir='ltr'>iudicandum</span> <span class='ocrx_word' id='word_1_71' title='bbox 761 1602 885 1651; x_wconf 91' lang='lat' dir='ltr'>censeo</span> <span class='ocrx_word' id='word_1_72' title='bbox 917 1581 959 1648; x_wconf 84' lang='lat' dir='ltr'>de</span> <span class='ocrx_word' id='word_1_73' title='bbox 992 1581 1143 1670; x_wconf 91' lang='lat' dir='ltr'>platanis</span> <span class='ocrx_word' id='word_1_74' title='bbox 1166 1571 1245 1664; x_wconf 87' lang='lat' dir='ltr'>illis,</span> <span class='ocrx_word' id='word_1_75' title='bbox 1271 1582 1413 1671; x_wconf 83' lang='lat' dir='ltr'>Delphis</span> 
     </span>
     <span class='ocr_line' id='line_1_10' title="bbox 237 1705 1413 1796; baseline 0 -22"><span class='ocrx_word' id='word_1_76' title='bbox 237 1707 281 1774; x_wconf 91' lang='lat' dir='ltr'>ab</span> <span class='ocrx_word' id='word_1_77' title='bbox 313 1706 577 1795; x_wconf 83' lang='lat' dir='ltr'>Agamemnone</span> <span class='ocrx_word' id='word_1_78' title='bbox 590 1707 630 1796; x_wconf 75' lang='lat'>2),</span> <span class='ocrx_word' id='word_1_79' title='bbox 663 1707 814 1796; x_wconf 84' lang='lat' dir='ltr'>Capbyis</span> <span class='ocrx_word' id='word_1_80' title='bbox 845 1728 866 1774; x_wconf 89' lang='lat' dir='ltr'>a</span> <span class='ocrx_word' id='word_1_81' title='bbox 891 1705 1048 1774; x_wconf 83' lang='lat' dir='ltr'>Menelao</span> <span class='ocrx_word' id='word_1_82' title='bbox 1072 1708 1156 1775; x_wconf 90' lang='lat' dir='ltr'>satis</span> <span class='ocrx_word' id='word_1_83' title='bbox 1170 1707 1209 1796; x_wconf 78' lang='lat'>³),</span> <span class='ocrx_word' id='word_1_84' title='bbox 1232 1727 1347 1796; x_wconf 88' lang='lat' dir='ltr'>neque</span> <span class='ocrx_word' id='word_1_85' title='bbox 1371 1707 1413 1774; x_wconf 93' lang='lat' dir='ltr'>de</span> 
     </span>
     <span class='ocr_line' id='line_1_11' title="bbox 236 1831 1413 1922; baseline 0.001 -24"><span class='ocrx_word' id='word_1_86' title='bbox 236 1831 336 1899; x_wconf 88' lang='lat' dir='ltr'>lauro</span> <span class='ocrx_word' id='word_1_87' title='bbox 370 1831 447 1909; x_wconf 87' lang='lat' dir='ltr'>illa,</span> <span class='ocrx_word' id='word_1_88' title='bbox 471 1853 561 1920; x_wconf 90' lang='lat' dir='ltr'>quae</span> <span class='ocrx_word' id='word_1_89' title='bbox 585 1832 758 1901; x_wconf 84' lang='lat' dir='ltr'>Troezene</span> <span class='ocrx_word' id='word_1_90' title='bbox 783 1855 824 1901; x_wconf 87' lang='lat' dir='ltr'>ex</span> <span class='ocrx_word' id='word_1_91' title='bbox 852 1834 985 1903; x_wconf 90' lang='lat' dir='ltr'>Orestis</span> <span class='ocrx_word' id='word_1_92' title='bbox 1010 1832 1155 1922; x_wconf 86' lang='lat' dir='ltr'>piaculis</span> <span class='ocrx_word' id='word_1_93' title='bbox 1178 1834 1413 1901; x_wconf 79' lang='lat' dir='ltr'>exsurrexisse</span> 
     </span>
     <span class='ocr_line' id='line_1_12' title="bbox 236 1950 1412 2046; baseline 0.002 -23"><span class='ocrx_word' id='word_1_94' title='bbox 236 1955 484 2045; x_wconf 77' lang='lat' dir='ltr'>putabatnr⁴)‚</span> <span class='ocrx_word' id='word_1_95' title='bbox 516 1978 631 2046; x_wconf 90' lang='lat' dir='ltr'>neque</span> <span class='ocrx_word' id='word_1_96' title='bbox 664 1958 706 2025; x_wconf 91' lang='lat' dir='ltr'>de</span> <span class='ocrx_word' id='word_1_97' title='bbox 739 1958 861 2027; x_wconf 88' lang='lat' dir='ltr'>multis</span> <span class='ocrx_word' id='word_1_98' title='bbox 885 1959 962 2027; x_wconf 90' lang='lat' dir='ltr'>aliis</span> <span class='ocrx_word' id='word_1_99' title='bbox 986 1950 1170 2027; x_wconf 79' lang='lat' dir='ltr'>arboribus</span> <span class='ocrx_word' id='word_1_100' title='bbox 1195 1979 1301 2046; x_wconf 89' lang='lat' dir='ltr'>supra</span> <span class='ocrx_word' id='word_1_101' title='bbox 1325 1980 1412 2027; x_wconf 87' lang='lat' dir='ltr'>enn-</span> 
     </span>
     <span class='ocr_line' id='line_1_13' title="bbox 238 2082 432 2170; baseline 0.005 -21"><span class='ocrx_word' id='word_1_102' title='bbox 238 2083 381 2150; x_wconf 89' lang='lat' dir='ltr'>meratis</span> <span class='ocrx_word' id='word_1_103' title='bbox 395 2082 432 2170; x_wconf 88' lang='lat'>⁵).</span> 
     </span>
    </p>
   </div>
   <div class='ocr_carea' id='block_1_5' title="bbox 284 2331 1095 2418">
    <p class='ocr_par' dir='ltr' id='par_1_6' title="bbox 284 2331 1095 2418">
     <span class='ocr_line' id='line_1_14' title="bbox 284 2331 1095 2418; baseline -0.001 -18"><span class='ocrx_word' id='word_1_104' title='bbox 284 2332 321 2400; x_wconf 86' lang='lat' dir='ltr'>E.</span> <span class='ocrx_word' id='word_1_105' title='bbox 347 2332 400 2399; x_wconf 80' lang='lat' dir='ltr'>Da</span> <span class='ocrx_word' id='word_1_106' title='bbox 425 2348 557 2409; x_wconf 81' lang='lat' dir='ltr'>ournro</span> <span class='ocrx_word' id='word_1_107' title='bbox 580 2349 723 2399; x_wconf 75' lang='lat' dir='ltr'>ennean</span> <span class='ocrx_word' id='word_1_108' title='bbox 747 2350 785 2398; x_wconf 74' lang='lat' dir='ltr'>nr</span> <span class='ocrx_word' id='word_1_109' title='bbox 808 2335 825 2418; x_wconf 63' lang='grc' dir='ltr'><strong>ς</strong></span> <span class='ocrx_word' id='word_1_110' title='bbox 850 2331 896 2400; x_wconf 73' lang='grc'>44</span> <span class='ocrx_word' id='word_1_111' title='bbox 919 2350 1095 2400; x_wconf 71' lang='lat' dir='ltr'>morcaro</span> 
     </span>
    </p>
   </div>
   <div class='ocr_carea' id='block_1_6' title="bbox 239 2527 1416 3738">
    <p class='ocr_par' dir='ltr' id='par_1_7' title="bbox 239 2527 1416 3738">
     <span class='ocr_line' id='line_1_15' title="bbox 283 2527 1415 2618; baseline 0.003 -23"><span class='ocrx_word' id='word_1_112' title='bbox 283 2527 301 2617; x_wconf 61' lang='grc' dir='ltr'>ᾗ</span> <span class='ocrx_word' id='word_1_113' title='bbox 323 2527 378 2597; x_wconf 87' lang='grc'><strong>65.</strong></span> <span class='ocrx_word' id='word_1_114' title='bbox 403 2527 563 2608; x_wconf 83' lang='lat' dir='ltr'>Quatuor</span> <span class='ocrx_word' id='word_1_115' title='bbox 586 2528 696 2617; x_wconf 83' lang='lat' dir='ltr'>igitur</span> <span class='ocrx_word' id='word_1_116' title='bbox 719 2528 814 2596; x_wconf 89' lang='lat' dir='ltr'>bisce</span> <span class='ocrx_word' id='word_1_117' title='bbox 837 2528 1026 2617; x_wconf 82' lang='lat' dir='ltr'>generibus</span> <span class='ocrx_word' id='word_1_118' title='bbox 1039 2531 1260 2618; x_wconf 85' lang='lat' dir='ltr'>pertractatis</span> <span class='ocrx_word' id='word_1_119' title='bbox 1272 2530 1415 2599; x_wconf 90' lang='lat' dir='ltr'>iamiam</span> 
     </span>
     <span class='ocr_line' id='line_1_16' title="bbox 239 2653 1414 2742; baseline 0.003 -22"><span class='ocrx_word' id='word_1_120' title='bbox 239 2653 282 2720; x_wconf 82' lang='lat' dir='ltr'>ad</span> <span class='ocrx_word' id='word_1_121' title='bbox 318 2659 434 2724; x_wconf 89' lang='lat' dir='ltr'>cetera</span> <span class='ocrx_word' id='word_1_122' title='bbox 468 2653 758 2742; x_wconf 88' lang='lat' dir='ltr'>superstitionum</span> <span class='ocrx_word' id='word_1_123' title='bbox 792 2654 988 2742; x_wconf 83' lang='lat' dir='ltr'>priscarum</span> <span class='ocrx_word' id='word_1_124' title='bbox 1014 2655 1161 2741; x_wconf 81' lang='lat' dir='ltr'>vestigia</span> <span class='ocrx_word' id='word_1_125' title='bbox 1185 2660 1414 2726; x_wconf 89' lang='lat' dir='ltr'>transeamus.</span> 
     </span>
     <span class='ocr_line' id='line_1_17' title="bbox 239 2776 1415 2869; baseline 0.001 -23"><span class='ocrx_word' id='word_1_126' title='bbox 239 2776 338 2856; x_wconf 82' lang='lat' dir='ltr'>Quod</span> <span class='ocrx_word' id='word_1_127' title='bbox 373 2776 417 2844; x_wconf 88' lang='lat' dir='ltr'>ad</span> <span class='ocrx_word' id='word_1_128' title='bbox 452 2799 535 2845; x_wconf 80' lang='lat' dir='ltr'>saxa</span> <span class='ocrx_word' id='word_1_129' title='bbox 570 2778 713 2862; x_wconf 82' lang='lat' dir='ltr'>attinet,</span> <span class='ocrx_word' id='word_1_130' title='bbox 750 2798 791 2844; x_wconf 91' lang='lat' dir='ltr'>ea</span> <span class='ocrx_word' id='word_1_131' title='bbox 825 2799 915 2866; x_wconf 91' lang='lat' dir='ltr'>quae</span> <span class='ocrx_word' id='word_1_132' title='bbox 949 2786 1046 2858; x_wconf 75' lang='grc' dir='ltr'><strong><em>λίθος</em></strong></span> <span class='ocrx_word' id='word_1_133' title='bbox 1080 2785 1220 2869; x_wconf 79' lang='grc' dir='ltr'><em>Ὕβρεως</em></span> <span class='ocrx_word' id='word_1_134' title='bbox 1253 2787 1287 2847; x_wconf 88' lang='lat' dir='ltr'>et</span> <span class='ocrx_word' id='word_1_135' title='bbox 1318 2789 1415 2860; x_wconf 74' lang='grc' dir='ltr'><strong><em>λίθος</em></strong></span> 
     </span>
     <span class='ocr_line' id='line_1_18' title="bbox 239 2900 1416 2992; baseline 0.003 -24"><span class='ocrx_word' id='word_1_136' title='bbox 239 2901 413 2981; x_wconf 72' lang='grc' dir='ltr'><strong><em>Ἀναιδείας</em></strong></span> <span class='ocrx_word' id='word_1_137' title='bbox 443 2900 676 2986; x_wconf 83' lang='lat' dir='ltr'>vocabantur,</span> <span class='ocrx_word' id='word_1_138' title='bbox 701 2902 736 2969; x_wconf 92' lang='lat' dir='ltr'>in</span> <span class='ocrx_word' id='word_1_139' title='bbox 762 2903 890 2990; x_wconf 87' lang='lat' dir='ltr'>quibus</span> <span class='ocrx_word' id='word_1_140' title='bbox 913 2904 950 2970; x_wconf 90' lang='lat' dir='ltr'>in</span> <span class='ocrx_word' id='word_1_141' title='bbox 975 2904 1156 2992; x_wconf 80' lang='lat' dir='ltr'>Areopago</span> <span class='ocrx_word' id='word_1_142' title='bbox 1180 2909 1361 2972; x_wconf 88' lang='lat' dir='ltr'>accusator</span> <span class='ocrx_word' id='word_1_143' title='bbox 1380 2911 1416 2972; x_wconf 91' lang='lat' dir='ltr'>et</span> 
     </span>
     <span class='ocr_line' id='line_1_19' title="bbox 239 3026 1415 3117; baseline 0.003 -23"><span class='ocrx_word' id='word_1_144' title='bbox 239 3048 320 3096; x_wconf 87' lang='lat' dir='ltr'>reus</span> <span class='ocrx_word' id='word_1_145' title='bbox 354 3027 495 3095; x_wconf 88' lang='lat' dir='ltr'>stabant</span> <span class='ocrx_word' id='word_1_146' title='bbox 507 3027 551 3113; x_wconf 72' lang='lat'>⁶),</span> <span class='ocrx_word' id='word_1_147' title='bbox 588 3032 622 3094; x_wconf 91' lang='lat' dir='ltr'>et</span> <span class='ocrx_word' id='word_1_148' title='bbox 652 3026 757 3113; x_wconf 89' lang='lat' dir='ltr'>illud,</span> <span class='ocrx_word' id='word_1_149' title='bbox 789 3028 889 3095; x_wconf 84' lang='lat' dir='ltr'>iuxta</span> <span class='ocrx_word' id='word_1_150' title='bbox 919 3029 1012 3117; x_wconf 90' lang='lat' dir='ltr'>quod</span> <span class='ocrx_word' id='word_1_151' title='bbox 1042 3036 1242 3114; x_wconf 74' lang='grc' dir='ltr'><strong><em>θεσμοθειαί</em></strong></span> <span class='ocrx_word' id='word_1_152' title='bbox 1274 3029 1310 3094; x_wconf 94' lang='lat' dir='ltr'>in</span> <span class='ocrx_word' id='word_1_153' title='bbox 1341 3029 1415 3097; x_wconf 82' lang='lat' dir='ltr'>foro</span> 
     </span>
     <span class='ocr_line' id='line_1_20' title="bbox 240 3150 1415 3242; baseline 0.003 -25"><span class='ocrx_word' id='word_1_154' title='bbox 240 3150 447 3219; x_wconf 86' lang='lat' dir='ltr'>Atheniensi</span> <span class='ocrx_word' id='word_1_155' title='bbox 477 3152 594 3219; x_wconf 86' lang='lat' dir='ltr'>iurare</span> <span class='ocrx_word' id='word_1_156' title='bbox 626 3152 783 3219; x_wconf 89' lang='lat' dir='ltr'>solebant</span> <span class='ocrx_word' id='word_1_157' title='bbox 796 3152 837 3239; x_wconf 68' lang='lat'>7),</span> <span class='ocrx_word' id='word_1_158' title='bbox 869 3154 1085 3242; x_wconf 87' lang='lat' dir='ltr'>temporibus</span> <span class='ocrx_word' id='word_1_159' title='bbox 1115 3153 1238 3240; x_wconf 82' lang='lat' dir='ltr'>priscis</span> <span class='ocrx_word' id='word_1_160' title='bbox 1269 3152 1415 3221; x_wconf 89' lang='lat' dir='ltr'>deorum</span> 
     </span>
     <span class='ocr_line' id='line_1_21' title="bbox 240 3275 1414 3365; baseline 0.001 -22"><span class='ocrx_word' id='word_1_161' title='bbox 240 3275 312 3343; x_wconf 86' lang='lat' dir='ltr'>sive</span> <span class='ocrx_word' id='word_1_162' title='bbox 336 3277 534 3344; x_wconf 89' lang='lat' dir='ltr'>animorum</span> <span class='ocrx_word' id='word_1_163' title='bbox 558 3278 779 3365; x_wconf 89' lang='lat' dir='ltr'>quorundam</span> <span class='ocrx_word' id='word_1_164' title='bbox 800 3277 899 3345; x_wconf 90' lang='lat' dir='ltr'>sedes</span> <span class='ocrx_word' id='word_1_165' title='bbox 919 3277 1059 3344; x_wconf 87' lang='lat' dir='ltr'>habitae</span> <span class='ocrx_word' id='word_1_166' title='bbox 1072 3277 1178 3344; x_wconf 86' lang='lat' dir='ltr'>fuisse</span> <span class='ocrx_word' id='word_1_167' title='bbox 1191 3277 1279 3343; x_wconf 83' lang='lat' dir='ltr'>milri</span> <span class='ocrx_word' id='word_1_168' title='bbox 1294 3277 1414 3344; x_wconf 88' lang='lat' dir='ltr'>viden-</span> 
     </span>
     <span class='ocr_line' id='line_1_22' title="bbox 239 3400 1416 3489; baseline -0.001 -20"><span class='ocrx_word' id='word_1_169' title='bbox 239 3408 316 3485; x_wconf 88' lang='lat' dir='ltr'>tur;</span> <span class='ocrx_word' id='word_1_170' title='bbox 348 3422 452 3468; x_wconf 88' lang='lat' dir='ltr'>verus</span> <span class='ocrx_word' id='word_1_171' title='bbox 483 3401 624 3489; x_wconf 90' lang='lat' dir='ltr'>quidem</span> <span class='ocrx_word' id='word_1_172' title='bbox 656 3402 857 3469; x_wconf 87' lang='lat' dir='ltr'>sancticatis</span> <span class='ocrx_word' id='word_1_173' title='bbox 889 3422 1011 3469; x_wconf 88' lang='lat' dir='ltr'>sensus</span> <span class='ocrx_word' id='word_1_174' title='bbox 1039 3400 1210 3468; x_wconf 87' lang='lat' dir='ltr'>oblivione</span> <span class='ocrx_word' id='word_1_175' title='bbox 1231 3421 1416 3489; x_wconf 89' lang='lat' dir='ltr'>oppressus</span> 
     </span>
     <span class='ocr_line' id='line_1_23' title="bbox 240 3524 1415 3614; baseline -0.003 -20"><span class='ocrx_word' id='word_1_176' title='bbox 240 3532 332 3607; x_wconf 89' lang='lat' dir='ltr'>erat,</span> <span class='ocrx_word' id='word_1_177' title='bbox 376 3525 555 3596; x_wconf 81' lang='lat' dir='ltr'>veneratio</span> <span class='ocrx_word' id='word_1_178' title='bbox 596 3530 810 3607; x_wconf 77' lang='lat' dir='ltr'>cessaverat,</span> <span class='ocrx_word' id='word_1_179' title='bbox 854 3524 915 3592; x_wconf 83' lang='lat' dir='ltr'>sed</span> <span class='ocrx_word' id='word_1_180' title='bbox 957 3530 1075 3591; x_wconf 89' lang='lat' dir='ltr'>tamen</span> <span class='ocrx_word' id='word_1_181' title='bbox 1110 3545 1151 3591; x_wconf 89' lang='lat' dir='ltr'>ca</span> <span class='ocrx_word' id='word_1_182' title='bbox 1186 3525 1296 3592; x_wconf 79' lang='lat' dir='ltr'>diuini</span> <span class='ocrx_word' id='word_1_183' title='bbox 1330 3524 1415 3614; x_wconf 90' lang='lat' dir='ltr'>qnid</span> 
     </span>
     <span class='ocr_line' id='line_1_24' title="bbox 240 3649 1158 3738; baseline -0.002 -20"><span class='ocrx_word' id='word_1_184' title='bbox 240 3651 425 3718; x_wconf 85' lang='lat' dir='ltr'>retinuisse</span> <span class='ocrx_word' id='word_1_185' title='bbox 448 3670 489 3717; x_wconf 81' lang='lat' dir='ltr'>ex</span> <span class='ocrx_word' id='word_1_186' title='bbox 513 3650 597 3738; x_wconf 90' lang='lat' dir='ltr'>ipsis</span> <span class='ocrx_word' id='word_1_187' title='bbox 620 3650 689 3718; x_wconf 88' lang='lat' dir='ltr'>illis</span> <span class='ocrx_word' id='word_1_188' title='bbox 713 3650 935 3718; x_wconf 86' lang='lat' dir='ltr'>caerimoniis</span> <span class='ocrx_word' id='word_1_189' title='bbox 958 3649 1158 3738; x_wconf 89' lang='lat' dir='ltr'>apparebat.</span> 
     </span>
    </p>
   </div>
   <div class='ocr_carea' id='block_1_7' title="bbox 241 3820 453 3832">
    <p class='ocr_par' dir='ltr' id='par_1_8' title="bbox 241 3820 453 3832">
     <span class='ocr_line' id='line_1_25' title="bbox 241 3820 453 3832; baseline 0.005 -1"><span class='ocrx_word' id='word_1_190' title='bbox 241 3820 453 3832; x_wconf 50' lang='lat' dir='ltr'>*mn—.-</span> 
     </span>
    </p>
   </div>
   <div class='ocr_carea' id='block_1_8' title="bbox 277 3935 1174 4538">
    <p class='ocr_par' dir='ltr' id='par_1_9' title="bbox 278 3935 1039 4003">
     <span class='ocr_line' id='line_1_26' title="bbox 278 3935 1039 4003; baseline -0.004 -14"><span class='ocrx_word' id='word_1_191' title='bbox 278 3938 298 4003; x_wconf 92' lang='lat' dir='ltr'>l)</span> <span class='ocrx_word' id='word_1_192' title='bbox 318 3937 358 3989; x_wconf 82' lang='lat' dir='ltr'>ol.</span> <span class='ocrx_word' id='word_1_193' title='bbox 380 3938 424 3990; x_wconf 81' lang='lat' dir='ltr'>Al.</span> <span class='ocrx_word' id='word_1_194' title='bbox 444 3937 543 3989; x_wconf 83' lang='lat' dir='ltr'>Strom.</span> <span class='ocrx_word' id='word_1_195' title='bbox 564 3937 622 3990; x_wconf 84' lang='lat' dir='ltr'>VII</span> <span class='ocrx_word' id='word_1_196' title='bbox 642 3940 676 4003; x_wconf 88' lang='lat'>4,</span> <span class='ocrx_word' id='word_1_197' title='bbox 696 3940 744 4003; x_wconf 84' lang='grc'>26;</span> <span class='ocrx_word' id='word_1_198' title='bbox 764 3937 827 3988; x_wconf 83' lang='lat' dir='ltr'>vido</span> <span class='ocrx_word' id='word_1_199' title='bbox 847 3936 907 3988; x_wconf 89' lang='lat' dir='ltr'>Lib.</span> <span class='ocrx_word' id='word_1_200' title='bbox 928 3935 959 3986; x_wconf 97' lang='lat' dir='ltr'>II</span> <span class='ocrx_word' id='word_1_201' title='bbox 980 3936 994 4001; x_wconf 67' lang='grc' dir='ltr'>ξ</span> <span class='ocrx_word' id='word_1_202' title='bbox 1015 3938 1039 3987; x_wconf 96' lang='grc'><strong>2.</strong></span> 
     </span>
    </p>

    <p class='ocr_par' dir='ltr' id='par_1_10' title="bbox 277 4024 1174 4181">
     <span class='ocr_line' id='line_1_27' title="bbox 277 4024 1174 4094; baseline -0.004 -16"><span class='ocrx_word' id='word_1_203' title='bbox 277 4026 299 4092; x_wconf 68' lang='lat'>²³)</span> <span class='ocrx_word' id='word_1_204' title='bbox 317 4027 455 4094; x_wconf 87' lang='lat' dir='ltr'>Theophr.</span> <span class='ocrx_word' id='word_1_205' title='bbox 476 4027 549 4078; x_wconf 88' lang='lat' dir='ltr'>Hist.</span> <span class='ocrx_word' id='word_1_206' title='bbox 569 4026 660 4077; x_wconf 83' lang='lat' dir='ltr'>Plant.</span> <span class='ocrx_word' id='word_1_207' title='bbox 683 4026 724 4077; x_wconf 95' lang='lat' dir='ltr'>IV</span> <span class='ocrx_word' id='word_1_208' title='bbox 735 4029 792 4091; x_wconf 88' lang='lat'>·13,</span> <span class='ocrx_word' id='word_1_209' title='bbox 814 4030 844 4091; x_wconf 88' lang='grc'>2,</span> <span class='ocrx_word' id='word_1_210' title='bbox 864 4024 927 4077; x_wconf 80' lang='lat' dir='ltr'>vide</span> <span class='ocrx_word' id='word_1_211' title='bbox 947 4024 1007 4076; x_wconf 84' lang='lat' dir='ltr'>Lib.</span> <span class='ocrx_word' id='word_1_212' title='bbox 1029 4024 1059 4075; x_wconf 95' lang='lat' dir='ltr'>II</span> <span class='ocrx_word' id='word_1_213' title='bbox 1080 4025 1095 4090; x_wconf 62' lang='grc' dir='ltr'><strong>ξ</strong></span> <span class='ocrx_word' id='word_1_214' title='bbox 1116 4027 1174 4074; x_wconf 90' lang='grc'><strong>125.</strong></span> 
     </span>
     <span class='ocr_line' id='line_1_28' title="bbox 277 4114 946 4181; baseline -0.003 -14"><span class='ocrx_word' id='word_1_215' title='bbox 277 4114 298 4181; x_wconf 79' lang='lat'>³)</span> <span class='ocrx_word' id='word_1_216' title='bbox 318 4116 398 4167; x_wconf 82' lang='lat' dir='ltr'>Paua.</span> <span class='ocrx_word' id='word_1_217' title='bbox 418 4115 494 4167; x_wconf 88' lang='lat' dir='ltr'>VIlI</span> <span class='ocrx_word' id='word_1_218' title='bbox 515 4119 563 4180; x_wconf 82' lang='lat'>23,</span> <span class='ocrx_word' id='word_1_219' title='bbox 582 4119 614 4180; x_wconf 82' lang='lat'>4,</span> <span class='ocrx_word' id='word_1_220' title='bbox 633 4114 696 4165; x_wconf 86' lang='lat' dir='ltr'>vide</span> <span class='ocrx_word' id='word_1_221' title='bbox 716 4114 776 4166; x_wconf 61' lang='lat' dir='ltr'>Lib,</span> <span class='ocrx_word' id='word_1_222' title='bbox 798 4114 829 4165; x_wconf 92' lang='lat' dir='ltr'>II</span> <span class='ocrx_word' id='word_1_223' title='bbox 850 4115 865 4180; x_wconf 62' lang='grc' dir='ltr'>ξ</span> <span class='ocrx_word' id='word_1_224' title='bbox 886 4116 946 4165; x_wconf 82' lang='grc'><strong>126.</strong></span> 
     </span>
    </p>

    <p class='ocr_par' dir='ltr' id='par_1_11' title="bbox 277 4202 897 4271">
     <span class='ocr_line' id='line_1_29' title="bbox 277 4202 897 4271; baseline -0.005 -15"><span class='ocrx_word' id='word_1_225' title='bbox 277 4205 299 4271; x_wconf 76' lang='lat'>⁴)</span> <span class='ocrx_word' id='word_1_226' title='bbox 318 4206 398 4257; x_wconf 86' lang='lat' dir='ltr'>Paua.</span> <span class='ocrx_word' id='word_1_227' title='bbox 419 4205 450 4256; x_wconf 93' lang='lat' dir='ltr'>II</span> <span class='ocrx_word' id='word_1_228' title='bbox 470 4208 518 4269; x_wconf 85' lang='lat'>31,</span> <span class='ocrx_word' id='word_1_229' title='bbox 538 4208 568 4269; x_wconf 88' lang='lat'>8,</span> <span class='ocrx_word' id='word_1_230' title='bbox 589 4203 651 4255; x_wconf 81' lang='lat' dir='ltr'>ride</span> <span class='ocrx_word' id='word_1_231' title='bbox 671 4202 730 4255; x_wconf 87' lang='lat' dir='ltr'>Lib.</span> <span class='ocrx_word' id='word_1_232' title='bbox 751 4204 782 4254; x_wconf 91' lang='lat' dir='ltr'>II</span> <span class='ocrx_word' id='word_1_233' title='bbox 802 4204 816 4270; x_wconf 69' lang='grc' dir='ltr'>ξ</span> <span class='ocrx_word' id='word_1_234' title='bbox 837 4206 897 4253; x_wconf 88' lang='grc'><strong>136.</strong></span> 
     </span>
    </p>

    <p class='ocr_par' dir='ltr' id='par_1_12' title="bbox 277 4290 741 4360">
     <span class='ocr_line' id='line_1_30' title="bbox 277 4290 741 4360; baseline -0.004 -14"><span class='ocrx_word' id='word_1_235' title='bbox 277 4290 299 4360; x_wconf 79' lang='lat'>⁶)</span> <span class='ocrx_word' id='word_1_236' title='bbox 319 4294 390 4346; x_wconf 87' lang='lat' dir='ltr'>Vide</span> <span class='ocrx_word' id='word_1_237' title='bbox 409 4293 470 4345; x_wconf 86' lang='lat' dir='ltr'>Lib.</span> <span class='ocrx_word' id='word_1_238' title='bbox 491 4294 521 4345; x_wconf 98' lang='grc' dir='ltr'>ΙΙ</span> <span class='ocrx_word' id='word_1_239' title='bbox 541 4295 572 4360; x_wconf 60' lang='grc' dir='ltr'>ἐξ</span> <span class='ocrx_word' id='word_1_240' title='bbox 593 4297 659 4345; x_wconf 87' lang='grc'><strong>125-</strong></span> <span class='ocrx_word' id='word_1_241' title='bbox 683 4296 741 4344; x_wconf 86' lang='grc'><strong>142.</strong></span> 
     </span>
    </p>

    <p class='ocr_par' dir='ltr' id='par_1_13' title="bbox 278 4381 846 4449">
     <span class='ocr_line' id='line_1_31' title="bbox 278 4381 846 4449; baseline -0.005 -15"><span class='ocrx_word' id='word_1_242' title='bbox 278 4383 299 4449; x_wconf 76' lang='lat'>⁰)</span> <span class='ocrx_word' id='word_1_243' title='bbox 318 4384 399 4435; x_wconf 85' lang='lat' dir='ltr'>Pons.</span> <span class='ocrx_word' id='word_1_244' title='bbox 420 4384 433 4433; x_wconf 91' lang='lat' dir='ltr'>I</span> <span class='ocrx_word' id='word_1_245' title='bbox 454 4386 496 4447; x_wconf 87' lang='grc'>28,</span> <span class='ocrx_word' id='word_1_246' title='bbox 515 4386 539 4445; x_wconf 85' lang='grc'>5,</span> <span class='ocrx_word' id='word_1_247' title='bbox 559 4383 623 4434; x_wconf 78' lang='lat' dir='ltr'>vide</span> <span class='ocrx_word' id='word_1_248' title='bbox 642 4381 702 4433; x_wconf 85' lang='lat' dir='ltr'>Lib.</span> <span class='ocrx_word' id='word_1_249' title='bbox 722 4381 752 4432; x_wconf 92' lang='grc' dir='ltr'>ΙΙ</span> <span class='ocrx_word' id='word_1_250' title='bbox 773 4382 787 4447; x_wconf 63' lang='grc' dir='ltr'>β</span> <span class='ocrx_word' id='word_1_251' title='bbox 804 4382 846 4431; x_wconf 88' lang='grc'><strong>70.</strong></span> 
     </span>
    </p>

    <p class='ocr_par' dir='ltr' id='par_1_14' title="bbox 278 4466 1165 4538">
     <span class='ocr_line' id='line_1_32' title="bbox 278 4466 1165 4538; baseline -0.005 -17"><span class='ocrx_word' id='word_1_252' title='bbox 278 4466 299 4538; x_wconf 64' lang='lat' dir='ltr'>l)</span> <span class='ocrx_word' id='word_1_253' title='bbox 318 4471 392 4523; x_wconf 85' lang='lat' dir='ltr'>Plut.</span> <span class='ocrx_word' id='word_1_254' title='bbox 412 4468 493 4521; x_wconf 78' lang='lat' dir='ltr'>Solon</span> <span class='ocrx_word' id='word_1_255' title='bbox 513 4474 554 4535; x_wconf 84' lang='lat'>25,</span> <span class='ocrx_word' id='word_1_256' title='bbox 573 4470 642 4521; x_wconf 93' lang='lat' dir='ltr'>Poll.</span> <span class='ocrx_word' id='word_1_257' title='bbox 663 4469 745 4535; x_wconf 79' lang='lat' dir='ltr'>VIII,</span> <span class='ocrx_word' id='word_1_258' title='bbox 765 4473 789 4533; x_wconf 85' lang='grc'>9,</span> <span class='ocrx_word' id='word_1_259' title='bbox 810 4471 852 4533; x_wconf 86' lang='grc'>86,</span> <span class='ocrx_word' id='word_1_260' title='bbox 873 4467 936 4518; x_wconf 88' lang='lat' dir='ltr'>vide</span> <span class='ocrx_word' id='word_1_261' title='bbox 955 4466 1015 4518; x_wconf 85' lang='lat' dir='ltr'>Lib.</span> <span class='ocrx_word' id='word_1_262' title='bbox 1037 4467 1067 4517; x_wconf 91' lang='lat' dir='ltr'>II</span> <span class='ocrx_word' id='word_1_263' title='bbox 1087 4468 1101 4533; x_wconf 61' lang='grc' dir='ltr'>ᾗ</span> <span class='ocrx_word' id='word_1_264' title='bbox 1124 4467 1165 4518; x_wconf 88' lang='grc'><strong>71.</strong></span> 
     </span>
    </p>
   </div>
   <div class='ocr_carea' id='block_1_9' title="bbox 1276 4560 1308 4617">
    <p class='ocr_par' dir='ltr' id='par_1_15' title="bbox 1276 4560 1308 4617">
     <span class='ocr_line' id='line_1_33' title="bbox 1276 4560 1308 4617; baseline 0.094 -3"><span class='ocrx_word' id='word_1_265' title='bbox 1276 4560 1308 4617; x_wconf 86' lang='grc'>17</span> 
     </span>
    </p>
   </div>
   <div class='ocr_carea' id='block_1_10' title="bbox 0 0 1731 5175">
    <p class='ocr_par' dir='ltr' id='par_1_16' title="bbox 0 0 1731 5175">
     <span class='ocr_line' id='line_1_34' title="bbox 0 0 1731 5175; baseline 0 0"><span class='ocrx_word' id='word_1_266' title='bbox 0 0 1731 5175; x_wconf 95' lang='lat' dir='ltr'> </span> 
     </span>
    </p>
   </div>
  </div>
 </body>
</html>
