3442 5175
887 343 954 411 218

786 647 964 716 CAPUT
988 648 1049 715 lv.

534 836 586 903 Ito
609 836 804 903 totomismi
828 836 992 919 vestigiis
1015 837 1108 920 apud
1132 836 1297 906 Graecos.

380 1033 398 1118 ,ξ
422 1030 475 1098 10.
499 1030 586 1099 Gom
610 1035 827 1098 mortuorum
853 1030 950 1098 cultu
970 1030 1074 1098 aliam
1094 1032 1389 1119 superstitionem,
1408 1038 1503 1102 tote-

337 1158 501 1225 misrnurn
535 1156 630 1243 volo,
665 1175 769 1245 quarn
801 1156 973 1223 artissime
1004 1156 1188 1224 cohaerere
1220 1156 1330 1224 videri
1353 1158 1389 1224 in
1413 1157 1504 1226 libro

336 1282 449 1371 primo
460 1281 487 1371 ¹)
516 1279 844 1363 animadvertimus3
869 1280 912 1347 de
935 1280 1034 1349 cuius
1058 1282 1212 1371 vestigiis
1236 1282 1328 1372 apud
1352 1282 1504 1352 Graecos

336 1409 407 1475 iarn
437 1406 547 1475 fusius
577 1426 688 1494 agam.
714 1405 803 1472 Nam
828 1425 866 1472 re
890 1426 972 1474 vcro
995 1407 1088 1495 epod
1111 1407 1241 1495 priscos
1264 1407 1412 1476 Graecos
1436 1408 1504 1476 ali-

337 1533 476 1623 quando
509 1532 747 1600 totemismum
782 1530 933 1618 viguisse
963 1551 1005 1598 ex
1034 1531 1172 1600 indiciis
1196 1532 1287 1601 haud
1311 1534 1449 1622 paucis,
1474 1535 1506 1602 si

338 1658 421 1747 qnid
447 1657 564 1742 video,
589 1654 703 1744 colligi
726 1659 849 1744 potest.

384 1907 424 1975 Α.
447 1926 493 1974 DE
518 1922 779 1974 SACERDOTIBUS
802 1919 892 1973 DEOS
915 1923 1312 1977 REPRAESENTANTlBL'S.

382 2102 477 2192 §ln
513 2101 556 2170 Et
589 2103 742 2191 primum
773 2100 915 2189 quidem
946 2100 1015 2169 huc
1045 2102 1196 2189 pertinet
1228 2103 1320 2192 quod
1343 2106 1507 2174 sacerdos

339 2229 491 2296 Graecus
514 2227 607 2295 haud
631 2245 711 2294 raro
734 2224 894 2293 animalis
916 2224 1005 2313 pelle
1027 2227 1173 2295 indutus
1185 2227 1507 2316 deumrepraesen-

338 2353 453 2433 tabat,
487 2374 593 2443 quarn
630 2372 704 2420 rern
738 2352 775 2418 in
809 2356 1021 2420 totemorum
1057 2351 1207 2422 cultores
1241 2354 1363 2422 cadere
1397 2377 1508 2445 snpra

339 2476 622 2565 demonstravi2).

383 2605 552 2671 ¹Universe
587 2602 781 2671 sacerdotes
815 2603 953 2690 saepius
987 2602 1131 2671 deorum
1156 2603 1231 2671 vice
1254 2605 1391 2673 functos
1412 2627 1505 2692 esse,

339 2731 389 2797 ita
422 2728 581 2818 quidem,
616 2736 656 2794 ut
689 2727 743 2794 dei
779 2728 851 2796 sive
886 2726 989 2812 deae,
1023 2728 1123 2796 cuius
1157 2729 1264 2796 sacris
1287 2736 1507 2817 praeessent,

339 2856 450 2923 forma
481 2853 595 2922 induti
626 2852 748 2920 diebus
779 2851 1003 2933 sollemnibus
1026 2873 1100 2920 sese
1125 2852 1324 2921 horninibus
1347 2854 1507 2921 ostende·

340 2985 434 3066 rent,
465 2978 624 3067 pluribus
647 2983 805 3044 veterum
828 2976 911 3044 locis
934 2976 1176 3064 affirmatur³).
1201 2977 1257 3045 Sic
1280 2978 1373 3067 apud
1397 2978 1507 3066 Poly-

340 3125 467 3173 aenum
476 3106 503 3188 ⁴)
536 3102 701 3191 legimus:
736 3117 787 3189 τῆς
822 3109 964 3188 Ἀθηνᾶς
997 3113 1018 3187 ἡ
1051 3112 1151 3192 ἱέρεια
1184 3115 1265 3171 κατὰ
1298 3114 1332 3170 τὸ
1365 3111 1507 3188 νόμιμον

340 3241 458 3317 ἐκείνης
488 3242 540 3314 τῆς
569 3236 688 3316 ἡμέρας
718 3234 905 3295 πανοπλίαν
935 3237 1056 3315 ἔχουσα
1085 3241 1140 3296 καὶ
1169 3234 1322 3317 collocor
1347 3236 1508 3316 κράνοςὴ

341 3362 497 3440 καλλίστη
520 3366 575 3420 καὶ
596 3364 725 3438 μεγίστη
748 3365 808 3419 τῶν
831 3360 1004 3441 παρθένων
1026 3381 1053 3419 κ.
1068 3382 1090 3419 c.
1104 3359 1135 3420 λ.

384 3479 425 3547 In
449 3478 594 3546 Scholiis
617 3479 653 3544 in
678 3476 924 3564 Aristidem⁵):
945 3486 980 3544 ἐν
998 3491 1065 3557 ταῖς
1083 3487 1328 3564 concanonico
1339 3485 1506 3561 Διονύσου,

341 3615 359 3673 ὁ
382 3610 416 3672 δὲ
438 3609 601 3693 Σατύρου,
627 3613 645 3670 ὁ
667 3608 701 3670 δὲ
723 3609 855 3691 Βάκχον
879 3609 1054 3687 ἀνελάβενο
1077 3617 1195 3690 σχῆμα.
1221 3602 1325 3692 Apud
1345 3602 1508 3671 Tertulli·

341 3730 505 3816 onum⁶):
538 3727 628 3796 »Cur
652 3728 787 3816 rapitur
810 3728 969 3796 sacerdos
992 3726 1143 3808 Cereris,
1167 3727 1196 3794 si
1219 3747 1288 3795 non
1310 3727 1379 3794 tale
1402 3726 1509 3797 Ceres

340 3874 441 3942 passa
464 3853 560 3921 estl’'

379 4082 399 4145 ¹)
418 4081 478 4132 Lib.
499 4082 530 4132 II
549 4084 564 4148 ᾖ·
585 4084 626 4131 11.
700 4080 720 4145 ιΙ)
740 4079 811 4130 Vide
831 4077 891 4130 Lib.
912 4079 926 4129 I
945 4082 960 4145 ξ
980 4082 1003 4129 6.

378 4170 399 4235 ³)
420 4170 461 4223 of.
486 4170 516 4222 F.
537 4169 627 4234 Book,
647 4169 687 4220 De
708 4167 874 4220 Graecorum
895 4167 1068 4219 caerimoniis
1087 4167 1116 4217 in
1135 4167 1236 4235 quibus
1252 4166 1375 4219 homines
1392 4166 1510 4220 deorum

342 4260 402 4312 rice
422 4259 619 4327 fungebantur.

379 4350 400 4416 ⁴)
420 4349 550 4417 Polyaen.
570 4347 687 4416 Streteg.
707 4347 782 4399 VIH
802 4352 844 4400 59.

379 4439 401 4505 ⁵)
421 4437 510 4490 Schol.
531 4438 616 4491 Arist.
635 4438 683 4489 III
704 4440 744 4488 22.
818 4436 840 4502 ⁰)
861 4436 977 4488 Tertull.
998 4435 1067 4488 Adr.
1087 4434 1166 4487 Gent.
1187 4434 1261 4486 117.
