3442 5175
815 425 882 492 445

305 618 421 706 3248.
449 618 514 710 [9].
538 619 655 688 Sami
680 620 802 709 (Ἥρας
824 620 1004 707 pavones).
1019 620 1045 704 1)

306 743 524 831 Antiphanes
547 743 639 832 apud
665 743 791 810 Athen.
816 744 897 810 XIV
922 741 974 808 70.

866 920 961 932 .....
975 875 996 949 ή
1019 870 1083 931 δ’ἐν
1105 870 1208 950 Σάμῳ

370 997 455 1080 Ἥρα
478 993 530 1080 (SC
565 992 645 1079 ἔχει)
672 1001 705 1058 τὸ
730 1002 881 1079 χρυσοῦν,
909 1003 1017 1076 φασίν,
1043 998 1185 1077 ὀρνίθων
1208 998 1305 1075 γένος,

371 1125 441 1193 τοὺς
463 1122 707 1204 καλλιμόρφους
729 1127 783 1182 καί
806 1084 1036 1202 περιβλέπτους
1060 1123 1147 1192 ταώς.

305 1358 422 1446 We).
448 1358 537 1450 [10].
562 1360 664 1428 Leni
690 1362 842 1450 (Ἀθηνᾶς
866 1361 1118 1448 meleagrides).

305 1483 426 1572 Clytns
460 1484 615 1552 Milesius
650 1485 743 1572 apud
774 1485 902 1552 Athen.
937 1484 1015 1551 XIV
1047 1483 1100 1550 71.
1132 1497 1203 1572 περι
1231 1491 1265 1551 δὲ
1288 1495 1321 1553 τὸ
1344 1496 1430 1575 ἱερὸν

257 1621 311 1704 τής
333 1615 501 1697 παρθένου
525 1617 559 1675 ἐν
581 1614 673 1696 Λέρῳ
697 1619 778 1676 είσίν
801 1619 832 1675 οί
850 1616 1047 1693 καλούμενοι
1067 1616 1196 1697 ὄρνιθες
1214 1614 1427 1698 μελεαγρίδες.

259 1742 278 1799 δ
301 1738 335 1799 δὲ
358 1741 452 1811 τόπος
474 1742 558 1802 ἐστίν
583 1736 703 1818 ἑλώδης
727 1741 761 1799 ἐν
784 1740 810 1816 ᾧ
833 1740 1007 1820 τρέφονται.

304 1979 409 2068 ξλόῡ.
425 1979 513 2070 [11].
534 1980 582 2047 In
601 1981 752 2048 insula
773 1979 1011 2046 Diomedea
1031 1983 1220 2066 (Διομήδους
1236 1981 1377 2069 ardeae)
1399 1983 1429 2069 2)

306 2104 411 2171 Arist.
436 2104 513 2170 Min.
539 2104 642 2171 AUSC.
666 2101 720 2170 80.
747 2109 803 2170 Ἐν
826 2117 861 2191 τῇ
885 2109 1056 2192 Διομηδεία
1076 2115 1171 2190 νήσῳ,
1193 2116 1330 2189 ήκεῖται
1342 2115 1377 2172 έν
1389 2116 1430 2190 τῷ

259 2232 382 2317 Ἁδρίᾳ,
415 2239 515 2314 φασίν
543 2237 629 2316 ίερόν
657 2257 685 2294 τι
713 2238 796 2295 είναι
827 2239 882 2293 τοῦ
910 2232 1085 2312 Διομήδους
1106 2235 1299 2312 θαυμαστόν
1322 2259 1353 2296 τε
1376 2243 1430 2296 καί

258 2362 360 2437 ἅγιον.
393 2366 466 2441 περί
492 2358 583 2420 δὲτὸ
607 2361 693 2441 ίερὸν
716 2356 822 2435 ιιυιιλῷ
846 2359 1089 2438 περικαθῆσθαι
1113 2361 1248 2440 ὄρνιθας
1269 2361 1431 2439 μεγάλους

258 2489 322 2554 τοῖς
351 2483 512 2561 μεγέθεσι,
546 2488 600 2543 καί
632 2484 732 2563 ῥύγχη
763 2483 894 2562 ἔχοντας
916 2484 1045 2560 μεγάλα
1069 2490 1123 2544 καί
1146 2485 1279 2565 σκληραί.
1304 2487 1432 2557 τούτους

258 2607 418 2684 λέγουσιν,
444 2610 502 2668 έδιν
518 2611 579 2685 μέν
597 2606 759 2686 Ἕλληνες
778 2606 1003 2684 ἀποβαίνωσιν
1027 2611 1071 2678 είς
1089 2612 1143 2668 τὸν
1162 2611 1267 2684 τόπου,
1292 2612 1430 2688 ἡσυχίαν

258 2731 353 2810 ἔχειν·
386 2734 444 2792 ἐὰν
474 2731 508 2792 δὲ
539 2737 600 2792 τῶν
627 2731 803 2812 βαρβάρων
826 2733 907 2800 τινές
929 2736 990 2790 τῶν
1013 2733 1191 2812 περιοίκων,
1219 2732 1428 2806 οίνίπτασθαι,
1479 2762 1480 2765 “

258 2863 313 2916 καί
344 2856 581 2938 αἰωρουμένους
609 2857 823 2937 καταρτίσσειν
849 2856 964 2926 αὐτοὺς
994 2857 1038 2925 είς
1068 2858 1122 2926 τὰς
1151 2855 1295 2933 κεφαλὰς
1318 2856 1428 2930 αὐτῶν,

257 2986 312 3041 καί
335 2986 398 3052 τοῖς
421 2983 550 3061 ῥίγχεσι
574 2981 795 3060 τιτρώσκοντας
815 2980 1021 3038 ἀποκτείνειν.
1043 2977 1231 3039 Μυθετίεται
1251 2977 1284 3038 δέ
1304 2981 1430 3050 τούτους

258 3104 411 3182 γενέσθαι
430 3104 464 3163 ἐν
482 3109 543 3164 τῶν
563 3104 696 3184 ἑταίρων
714 3079 769 3162 τοῦ
790 3099 974 3179 Διομήδους,
991 3104 1241 3181 ναναγήσοίντων
1252 3106 1314 3180 μέν
1326 3104 1430 3164 αὐτῶν

258 3233 330 3309 περί
349 3231 404 3305 τήν
423 3234 531 3316 νήσου,
552 3231 606 3286 τοῦ
627 3224 661 3285 δὲ
679 3222 854 3302 Διομήδους
874 3222 1149 3303 δολοφονηθέντος
1164 3227 1227 3286 δπδ
1248 3230 1301 3285 τοῦ
1313 3224 1429 3286 Αἰνέου

258 3355 313 3410 τοῦ
336 3352 402 3411 τότε
425 3350 586 3427 βασιλέως
608 3354 670 3409 τῶν
692 3351 797 3409 τόπων
820 3351 950 3409 ἐκείνων
972 3351 1154 3427 γενομένου,

304 3466 438 3534 Aelian.
459 3467 501 3533 N.
524 3465 564 3532 Α.
587 3464 602 3531 Ι
622 3463 652 3530 1.
674 3469 833 3532 Καλείταί
853 3492 897 3542 τις
912 3468 1084 3548 Διομήδεια
1095 3479 1199 3550 νῆσος,
1213 3479 1268 3533 καί
1280 3472 1430 3556 ἐρωδίοος

258 3599 323 3678 ἔχει
346 3595 499 3668 πολλούς.
527 3594 628 3670 Οὗτοι,
657 3601 746 3674 φασί,
772 3599 842 3667 τοὺς
865 3596 1051 3676 βαρβάρους
1072 3597 1143 3655 οὔτε
1162 3594 1337 3673 ἀδικοῦσιν,
1358 3599 1429 3659 οὔτε

258 3724 365 3793 αὐτοῖς
394 3723 575 3802 προσίασιν·
601 3720 658 3778 ἐὰν
682 3717 716 3777 δὲ
739 3714 868 3797 Ἕλλην
891 3719 1011 3799 καταίρῃ
1035 3718 1131 3794 ξένος,
1158 3723 1189 3779 σί
1212 3719 1246 3779 δέ
1268 3721 1345 3802 θείᾳ
1369 3728 1429 3781 τινί

258 3843 362 3926 δωρεᾷ
390 3847 543 3926 προσίασι
573 3843 727 3925 πτέρυγας
756 3842 973 3916 ἁπλώσαντες,
1007 3845 1105 3902 οίονεί
1136 3845 1246 3925 χεῖράς
1275 3866 1362 3916 τινας
1386 3849 1430 3917 είς

258 3966 403 4042 δεξίωσίν
432 3989 463 4027 τε
492 3974 547 4027 καί
570 3967 775 4049 περιπλοκάς·
800 3971 855 4027 καί
879 3966 1067 4044 ἁπτομένων
1091 3972 1152 4027 τῶν
1175 3965 1345 4045 Ἑλλήνων
1368 3969 1429 4047 οὐχ

296 4209 315 4276 ¹)
341 4209 454 4262 Nummi
480 4206 566 4260 Samii
585 4206 726 4259 aussonomi
746 4207 910 4273 (205-129)
930 4207 1063 4259 exhibent
1083 4208 1112 4258 in
1132 4207 1194 4260 adv.
1214 4207 1310 4278 Ἥρας
1329 4211 1427 4275 eaput,

259 4298 288 4348 in
307 4314 350 4350 ev.
369 4312 480 4364 prorem
499 4312 582 4364 super
602 4312 658 4363 que
678 4311 748 4362 pavo
767 4294 851 4346 sedet.
872 4294 951 4346 Head
972 4298 1039 4361 517,
1059 4296 1229 4349 flend-svor.
1249 4297 1280 4347 II
1303 4298 1362 4347 147.

295 4386 316 4451 2)
344 4385 386 4438 cf.
415 4386 447 4437 R.
476 4383 614 4448 Hellend,
642 4383 836 4449 Heroenvegel
861 4383 891 4433 in
917 4383 964 4435 der
989 4383 1094 4451 grieeh.
1120 4382 1307 4451 Mythnlogie‚
1333 4383 1426 4449 Leipz.

259 4473 357 4542 Gymn.
376 4475 472 4541 Progr.
494 4476 570 4525 1895.
1325 4495 1334 4505 =

1288 4581 1321 4630 10
