3442 5175
867 362 934 431 aad

541 566 670 648 Ταῦρος·
700 566 866 648 Ταύρειος,
893 569 911 626 δ
934 539 1103 629 Ποσειδῶν
1117 560 1154 647 1).

538 692 668 774 Ταυρία·
693 694 784 775 έορτη
807 715 851 765 τις
877 671 1018 772 ἀγομένη
1040 693 1253 768 Ποσειδῶνος.

537 817 663 898 Ταῦροι·
689 821 720 878 οί
742 822 832 900 παρὰ
856 816 1017 897 Ἐφεσίοις
1041 820 1192 899 οἰνοχόοι.

358 934 560 1001 Athenaeus
580 952 642 1000 nos
662 933 748 1000 haec
768 933 885 1002 docet:
911 940 1011 1023 Παρὰ
1036 933 1198 1022 Ἐφεσίοις
1217 948 1248 1005 ot
1267 948 1487 1026 οἰνοχοοῦντες

314 1069 408 1148 ᾔθεοι
428 1073 464 1147 τῇ
483 1071 537 1128 τοῦ
556 1063 759 1138 Ποσειδῶνος
778 1067 869 1148 ἑορτῇ
890 1071 999 1148 ταῦροι
1022 1067 1205 1128 ἐκαλοῦντο.

357 1184 451 1252 Deus
483 1184 591 1272 igitur
625 1183 698 1271 ipso
733 1187 857 1251 taurus
892 1182 978 1267 fuit,
1002 1183 1146 1271 eiusque
1171 1185 1366 1254 sacerdotes
1389 1189 1485 1256 tauri

312 1308 616 1397 nuncupabantur.

356 1433 374 1522 g
405 1432 457 1501 14.
488 1432 635 1499 Athenis
666 1431 835 1520 virginea
869 1452 959 1520 quao
987 1434 1091 1501 cutis
1122 1432 1332 1522 quibusdam
1355 1434 1485 1504 ritibus

313 1561 472 1647 Ἀρτέμιδι
505 1563 698 1647 Βραυρωνίφ
732 1555 1003 1643 dedicabantur,
1035 1567 1143 1647 ἄρκτοι
1179 1557 1394 1627 vocabantur
1418 1560 1484 1643 3de

313 1681 439 1771 quibus
463 1680 586 1749 Suidas
611 1681 696 1748 haec
720 1682 821 1750 dicit:

356 1814 481 1896 Ἄρκτος
515 1817 536 1891 ἦ
569 1812 805 1906 Βραυρωνίοις·Δ
835 1817 1064 1898 οίρκτευόμεναι
1095 1821 1241 1894 γυναῖκες
1271 1822 1307 1896 τῇ
1334 1815 1484 1897 Ἀρτέμιδι

313 1943 422 2022 ἑορτὴν
451 1939 588 2013 ἐτέλουν,
613 1943 770 2020 κροκωτὸν
793 1941 1018 2019 ἠμφιεσμέναι,
1044 1942 1115 2001 οὔτε
1138 1941 1347 2022 πρεσβύτεραι
1370 1945 1382 2001 ί
1405 1943 1484 2002 ἐτῶν

312 2027 383 2126 οὔτε
423 2063 571 2135 ἐλάττους
607 2066 632 2139 έ,
669 2064 981 2142 ἀπομειλισσδμεναι
1015 2069 1070 2142 την
1104 2064 1193 2125 θεόν’
1230 2063 1338 2143 ἐπειδὴ
1370 2067 1485 2147 ἄρκτος

313 2191 409 2270 ἀγρία
441 2190 636 2268 ἑπιφοιτῶσα
667 2186 820 2270 διέτριβεν
843 2190 879 2248 ἐν
902 2193 943 2267 τῷ
966 2187 1056 2267 δήμῳ
1079 2185 1259 2249 Φλαυιδῶν·
1272 2194 1337 2250 καί
1360 2193 1483 2271 ἡμερω-

311 2314 429 2374 θεῖσαν
459 2314 557 2390 αὐτὴν
579 2320 641 2385 τοῖς
665 2313 851 2395 ἀνθρώποις
874 2315 1051 2394 σύντροφον
1073 2313 1235 2391 γενέσθαι.
1259 2314 1425 2395 παρθένον
1448 2313 1484 2375 δέ

313 2459 382 2499 τινα
413 2437 625 2518 προσπαίζειν
655 2440 743 2519 αὐτῇ,
766 2443 821 2498 καί
844 2436 1097 2517 ἀσελγαινούσης
1119 2444 1171 2516 τῆς
1193 2436 1360 2518 παιδίσκης
1382 2460 1482 2521 παρο·

312 2563 470 2642 ξυνθῆναι
504 2567 558 2640 την
583 2564 706 2645 ἄρκτον,
731 2567 785 2623 καί
807 2563 978 2636 καταξέσαι
1001 2568 1053 2641 τῆς
1076 2562 1251 2644 παρθένου.
1276 2559 1353 2642 ἐφ’ῷ
1377 2565 1482 2646 ὀργισ-

312 2689 427 2761 θέντας
460 2692 530 2760 τοὺς
565 2686 724 2768 ἀδέλφους
759 2690 853 2765 αὐτῆς
876 2692 1100 2749 κατακοντίσαι
1123 2693 1178 2766 τὴν
1201 2690 1325 2770 ἄρκτον,
1349 2696 1403 2750 καί
1427 2688 1483 2752 διὰ

312 2817 400 2874 τοῦτο
419 2810 564 2891 λοιμώδη
583 2814 680 2873 νόσον
700 2819 763 2884 τοῖς
783 2811 965 2895 Ἀθηναίοις
983 2814 1141 2892 ἐμπεσεῖν.
1160 2815 1483 2897 χρηστηριαζομένοις

313 2937 346 2998 δὲ
368 2945 431 3010 τοῖς
455 2937 643 3017 Ἀθηναίοις
665 2942 733 2998 είπε
756 2937 851 2998 λύσιν
875 2942 936 2997 τῶν
958 2944 1065 2999 κακῶν
1087 2939 1231 3014 ἔσεσθαι,
1256 2943 1285 2999 εί
1307 2946 1358 3018 τῆς
1377 2939 1482 3000 τελευ-

312 3065 447 3143 τησάσης
470 3065 584 3145 ἄρκτου
608 3066 722 3134 ποίνας
746 3064 907 3144 ἀρκιεύειν
927 3066 981 3134 τὰς
1000 3046 1120 3123 ἑαυτῶν
1142 3063 1325 3144 παρθένους
1342 3065 1482 3140 ἀναγκά·

312 3187 413 3261 ζουσι.
445 3193 500 3247 καί
523 3189 721 3266 ἐψηφίσαντο
753 3190 783 3246 ot
809 3178 973 3264 Ἀθηναῖοι
995 3191 1041 3264 μη
1063 3189 1215 3268 πρότερον
1239 3187 1482 3262 συνοικίζεσθαι

313 3309 405 3393 ἀνδρί
428 3311 602 3393 παρθένον,
627 3315 656 3371 εί
677 3316 723 3388 μη
746 3312 924 3393 ἀρκτεδσειε
947 3317 982 3391 τῇ
1004 3311 1081 3389 θεῷ.

357 3428 453 3496 Idem
488 3449 515 3495 s.
546 3449 577 3494 V.
611 3434 827 3517 Ἄρκτεῦσαιμ
844 3483 850 3495 .
868 3483 895 3494 ..
929 3439 1067 3517 καὶγὰρ
1090 3440 1124 3496 at
1149 3438 1376 3517 ἀρκτευόμεναι
1400 3457 1481 3518 παρ-

313 3562 405 3622 θένοι
429 3563 536 3642 ἄρκτοι
558 3560 741 3621 καλοῦνται.

358 3678 407 3745 of.
430 3677 595 3766 Harpoor.
618 3682 652 3744 εί
664 3676 812 3745 Bekkeri
826 3677 956 3745 Anecd.
969 3676 1035 3745 444
1048 3699 1109 3745 sv.
1122 3681 1316 3767 Ἀρκιεῦοαι,
1331 3678 1481 3766 Hesych.

313 3825 338 3871 s.
360 3825 392 3870 v.
418 3803 571 3891 Ἀρκιεῑα
598 3802 695 3869 Licet
716 3801 833 3870 fabula
857 3824 878 3870 a
901 3802 1008 3871 Suida
1031 3807 1302 3870 commemorata
1325 3802 1368 3869 ad
1391 3803 1481 3871 ritus

313 3928 593 4016 interpretandos
628 3928 770 3995 inventa
802 3948 876 3995 esse
908 3927 1084 4015 videatur,
1116 3949 1158 3995 ex
1182 3949 1222 3997 ea
1246 3934 1363 3996 tamon
1388 3929 1481 3998 clare

314 4057 475 4142 apparot,
502 4052 652 4142 virgines
676 4052 902 4121 dedicationis
926 4053 982 4120 die
1006 4052 1164 4120 sollemni
1187 4053 1481 4122 ursarumformis

352 4361 371 4427 1)
392 4359 434 4412 Of.
455 4359 566 4411 Hesiod.
587 4359 660 4411 θοαί.
682 4361 745 4410 104:
765 4361 882 4429 ταύρεος
901 4358 1107 4429 Ἐννοσίγαιος.

350 4450 371 4517 ²)
390 4450 491 4501 Athon.
511 4449 538 4501 X
562 4451 604 4501 25.
