3442 5175
866 421 934 488 ⁴268

312 617 405 683 tinae
429 620 464 682 et
488 615 625 682 nummi
649 616 901 703 imperatorum
923 616 1163 682 Romanorum
1177 615 1422 684 huiuscemodi
1434 636 1494 683 res

310 740 592 828 frequentissime
626 739 735 807 oculis
770 741 898 808 nostris
931 740 1119 827 praebent,
1141 740 1283 807 vascula
1308 746 1431 807 contra
1456 745 1494 806 et

312 864 510 953 anaglypha
541 870 740 953 temporum
771 865 1011 952 antiquiorum
1043 885 1155 951 paene
1186 884 1325 931 omnem
1350 864 1493 952 depicta

312 996 347 1058 et
382 989 562 1077 exsculpta
598 1009 639 1055 ea
669 987 866 1075 reperiendi
896 1008 993 1076 spem
1018 988 1144 1056 fallunt
1168 994 1203 1056 et
1226 989 1423 1074 silentium,
1450 995 1494 1057 ut

311 1114 361 1181 ita
391 1112 524 1195 dicam,
553 1111 775 1179 fastidiosum
807 1110 976 1178 obtinent.
1010 1112 1284 1200 Nonnumquam
1317 1112 1493 1200 Apollinis

311 1237 484 1325 tripodem
516 1235 582 1303 sub
610 1235 708 1303 lauro
742 1240 893 1303 stantem
924 1236 961 1302 in
997 1235 1116 1323 aliqua
1146 1237 1284 1324 pictura
1315 1237 1493 1304 vasculari

312 1360 561 1450 conspicimus,
593 1366 655 1428 aut
685 1359 821 1448 palum,
854 1360 916 1449 qui
940 1360 1084 1448 Dionysi
1108 1359 1287 1428 simulacri
1311 1361 1387 1427 vice
1410 1361 1494 1429 fun·

312 1487 424 1574 gitur,
449 1505 597 1573 persona
620 1489 655 1552 et
678 1485 833 1552 vestibus
856 1489 1039 1569 ornatum,
1063 1484 1121 1552 sed
1146 1506 1341 1574 numquam
1363 1508 1493 1575 super-

312 1611 470 1677 stitiones
494 1614 630 1676 veteres
648 1609 741 1695 ipsas
766 1608 986 1675 vasculorum
1012 1608 1163 1696 pictores
1186 1614 1248 1675 aut
1271 1608 1492 1698 anaglypho-

312 1755 391 1801 rum
415 1733 607 1821 sculptores
632 1736 707 1798 arte
730 1751 794 1798 sua
817 1730 941 1818 dignas
963 1730 1136 1798 iudicasse
1161 1731 1334 1800 videntur

357 1859 374 1947 §
405 1857 520 1924 831]
550 1855 778 1945 scriptoribus
808 1856 1003 1944 Xenophon
1023 1857 1158 1944 primus
1182 1876 1241 1923 eas
1265 1862 1438 1924 memorat
1453 1857 1494 1944 1,)

312 1982 437 2049 deinde
461 1981 680 2069 Theophras
682 2002 722 2048 us
735 1982 782 2068 1);
804 1981 911 2047 ceteri
931 2001 1068 2066 omneS,
1089 2002 1152 2070 qur
1142 1981 1241 2049 de
1219 2002 1262 2048 us
1274 1981 1473 2069 loquuntur
1484 2034 1493 2066 ,

312 2110 390 2194 post
413 2105 591 2173 Christum
624 2110 745 2173 natum
771 2106 946 2173 vixerunt.
971 2103 1058 2189 Cur,
1083 2126 1230 2193 quaeso,
1254 2105 1370 2173 cultus
1392 2106 1445 2172 illi
1471 2128 1494 2174 a

312 2230 561 2319 posterioribus
581 2229 774 2297 artilicibus
793 2235 900 2317 atque
920 2228 1148 2317 scriptoribus
1168 2229 1297 2319 depicti
1311 2235 1346 2297 et
1359 2250 1492 2297 memo·

312 2355 385 2421 riae
416 2355 537 2422 traditi
560 2361 660 2438 sunt,
684 2376 704 2420 a
727 2353 965 2442 superioribus
988 2358 1110 2420 contra
1134 2374 1245 2442 paene
1270 2375 1415 2443 prorsus
1440 2355 1492 2422 si·
1552 2351 1555 2356 ’

312 2477 418 2545 lentio
451 2480 685 2567 promunturi
717 2479 911 2567 Scriptores
941 2478 1084 2566 quidem
1116 2478 1341 2546 ecclesiastici
1366 2500 1491 2568 saepe,

313 2604 510 2672 esontibus
535 2604 690 2692 antiquis
714 2603 815 2670 hodie
839 2602 986 2690 perditis
1009 2602 1230 2683 haurientes,
1254 2602 1297 2670 de
1322 2604 1491 2693 supersti-

312 2728 466 2796 tionibus
496 2727 626 2796 talibus
657 2733 839 2815 tamquam
865 2727 907 2794 de
931 2728 1130 2815 praeteritis
1154 2727 1404 2816 loquuntur3),
1428 2730 1491 2797 sed

312 2873 578 2941 nonnumquam
613 2854 719 2920 etiam
754 2854 791 2919 in
818 2852 980 2941 aequales
1003 2874 1083 2920 suos
1108 2852 1258 2921 Graecos
1281 2854 1420 2921 easdem
1445 2855 1492 2922 ob

313 2997 436 3045 causas
460 2977 677 3045 invehuntur
689 2979 727 3063 1).
749 2977 958 3061 Pausanias,
983 2978 1045 3065 qui
1068 2997 1106 3044 re
1129 2998 1213 3044 vera
1232 2977 1306 3066 ipse
1326 2998 1378 3062 ea,
1397 3000 1492 3066 quae

313 3101 494 3185 describit,
519 3101 644 3169 vidisse
669 3122 802 3189 neque,
826 3107 867 3168 ut
890 3101 1049 3168 nonnulli
1071 3100 1344 3190 perhibuerunt,
1370 3103 1492 3169 omnia

313 3224 407 3291 domi
442 3225 564 3292 sedens
599 3246 617 3292 e
647 3225 844 3293 Polemonis
871 3225 1089 3315 aliorumque
1113 3227 1252 3314 scriptis
1276 3229 1492 3314 excerpsisse

313 3350 470 3434 videtur,
503 3350 614 3417 multa
645 3350 803 3418 cultuum
827 3352 1021 3439 priscorum
1045 3350 1203 3440 exempla
1226 3359 1490 3419 commemorat.

314 3476 415 3543 Dicat
444 3475 635 3563 quispiam,
668 3476 855 3564 scriptores
887 3475 1137 3543 ecclesiasticos
1160 3476 1237 3544 ideo
1262 3482 1401 3544 tautum
1425 3497 1490 3544 su-

312 3600 534 3689 perstitiones
556 3600 633 3667 illas
654 3602 841 3668 memoriae
860 3599 1071 3689 prodidisse,
1091 3604 1131 3667 ut
1143 3601 1288 3688 paganis
1300 3600 1493 3670 irriderent

314 3745 441 3813 eosque
481 3725 748 3814 impugnarent,
792 3726 1090 3814 Pausaniamque,
1134 3741 1331 3816 περιηγητῶν
1371 3748 1490 3810 more,

313 3934 526 3943 -——-—-—-.——-

352 4056 735 4124 ¹)Xen0ph.hlemor.11,
757 4061 798 4109 14

351 4146 371 4213 1)
392 4146 529 4213 Theophr.
552 4145 633 4286 Chlor.
655 4150 696 4198 16.

350 4235 371 4302 ³)
392 4235 434 4287 Of.
455 4235 585 4287 Glemh
662 4235 760 4287 St.rom
782 4235 1491 4300 Ι25,164.Ρ1111.Ιν46,114041116161.

314 4323 415 4377 Gentes
435 4326 478 4376 VI
500 4328 541 4377 11.
562 4236 640 4377 Vide
656 4325 716 4377 Lib
737 4327 845 4391 liga.

350 4414 371 4480 ⁴)
400 4413 484 4466 Clam.
514 4415 594 4466 Alex.
624 4413 723 4467 Sirom.
743 4415 847 4480 VIII,
867 4418 901 4479 4·
921 4415 1023 4480 VII4,
1043 4417 1092 4479 26;
1111 4415 1200 4466 Proir.
1222 4414 1252 4464 ΙΙ
1272 4417 1314 4466 46.
1333 4412 1406 4466 Vide
1425 4416 1491 4470 Lib.

314 4504 423 4570 1152.
