3442 5175
803 413 841 481 8‘1

245 615 395 700 διακτόρῳ
428 618 679 699 ἐκκαθαίροντας
714 621 758 689 είς
791 623 884 696 τιμῆν
914 616 1036 700 Ἑρμοῦ
1066 622 1137 688 τοῦς
1163 623 1223 678 τῶν
1252 621 1402 679 τοιούτων

243 742 348 803 λίθων
371 748 492 825 σωρούς
514 741 656 824 Ἑρμαῖα
678 746 699 821 ῆ
718 741 893 824 Ἑρμαίους
915 744 1037 822 λόφους
1058 744 1180 804 καλεῖν,

286 861 396 929 Schol.
421 860 465 928 ad
489 861 655 928 Nicandri
679 860 835 928 Thoria&
855 859 931 927 150.
951 870 1091 949 ἔρμακας
1110 866 1144 927 δὲ
1163 872 1234 939 τούς
1252 869 1402 948 ἑρμαίους

243 999 296 1053 καί
328 992 480 1066 λιθώδεις
513 996 635 1069 τόπους,
670 996 690 1072 ῆ
719 993 836 1065 λίθους
869 995 1123 1074 σεσωρευμένους
1153 996 1198 1065 είς
1226 996 1319 1071 τιμῆν
1348 997 1402 1052 τοῦ

244 1116 374 1199 Ἑρμοῦ.

287 1233 399 1302 Schol.
424 1235 468 1302 ad
492 1234 554 1304 Od.
569 1261 601 1304 π
623 1233 686 1304 471
712 1234 851 1326 (11633
875 1236 1001 1321 Dind.).
1026 1242 1138 1326 Ἑρμῆς
1159 1246 1239 1303 κατὰ
1262 1241 1332 1314 Διὸς
1353 1242 1401 1302 κί-

242 1364 353 1426 λευσιν
383 1366 509 1427 ἀνελὼν
539 1366 651 1449 Ἄργον
681 1372 735 1429 τὸν
765 1376 816 1447 τῆς
843 1367 928 1441 Ἰοῦς
951 1369 1082 1448 φύλακοι
1103 1369 1191 1448 ῆχθη
1214 1370 1277 1429 ῦπδ
1302 1365 1401 1447 δίκην,

242 1490 347 1572 Ἥρας
381 1494 478 1552 αύτδν
511 1498 566 1553 καί
600 1457 661 1554 τῦν
694 1493 807 1555 ἄλλων
837 1496 1021 1572 ἀγαγόντων
1051 1494 1139 1554 θεῶν
1164 1495 1209 1565 είς
1230 1495 1334 1574 κρίσιν
1356 1495 1403 1552 ὅτι

242 1622 362 1697 πρῶτος
391 1616 599 1695 ἐπεβεβλῆκει
627 1613 790 1695 δαιμόνων
812 1618 940 1698 θνητῶν
961 1621 1118 1697 μιάσματι
1141 1621 1194 1679 τόν
1217 1616 1328 1699 Ἄργον
1348 1621 1403 1677 καί

243 1741 400 1822 ἀνῃρήκει.
424 1744 588 1823 κρίνοντας
610 1739 644 1801 δὲ
667 1745 737 1814 τούς
760 1743 857 1815 θεούς
880 1743 1094 1820 εὐλαβεῖσθαι
1116 1747 1177 1821 μὲν
1199 1747 1253 1803 τδν
1272 1741 1330 1801 Δία
1349 1739 1403 1802 διά

242 1870 276 1927 τὸ
307 1865 460 1928 ὑπόδικον
490 1867 682 1946 γεγενῆσθαι
711 1871 764 1928 τόν
794 1867 918 1949 Ἑρμῆν
947 1876 1014 1941 ταῖς
1044 1871 1141 1929 αὐτοῦ
1163 1866 1401 1950 παραγγελίαις.

242 1996 311 2071 ἀμα
334 1990 368 2052 δὲ
391 1993 640 2072 ἀφωσιωμένους
665 1995 699 2052 τό
723 1994 799 2070 ἀγος
820 1999 875 2053 καί
897 2000 949 2073 τῆς
972 1991 1185 2075 ἀνδροφονίας
1204 1991 1404 2063 ἀπολύοντος

242 2121 293 2190 αίς
323 2121 412 2198 είχον
442 2120 550 2199 όργαῖς
579 2116 779 2199 προσβαλεῖν
802 2119 887 2196 αύτῷ
910 2123 963 2191 τὰς
985 2121 1121 2197 φῆφους,
1142 2123 1197 2179 καί
1219 2119 1315 2189 οὕτως
1338 2118 1403 2177 ἐπι-

242 2244 445 2326 σωρευθῆναι
477 2245 555 2325 πρὸς
581 2249 644 2314 τοῖς
673 2248 750 2302 ποσί
780 2248 834 2303 τοῦ
866 2241 987 2325 Ἑρμοῦ
1017 2245 1136 2322 φῆφων
1164 2241 1299 2320 πλῆθος.
1324 2241 1404 2301 ὅθεν

241 2375 295 2428 καί
326 2373 397 2440 τούς
427 2368 620 2450 ἀνθρώπους
651 2369 726 2449 ἄχρι
757 2373 811 2428 τοῦ
842 2372 901 2427 νῦν
923 2372 967 2440 είς
990 2373 1082 2447 τιμῆν
1106 2366 1227 2450 Ἑρμοῦ
1249 2370 1329 2427 κατά
1351 2371 1405 2439 τὰς

243 2490 344 2568 ὁδούς,
376 2491 430 2554 διά
457 2497 491 2554 τδ
514 2497 568 2554 τόν
590 2494 670 2554 θεὸν
693 2497 777 2557 εῖναι
796 2497 905 2555 τοῦτον
927 2494 1136 2574 καθηγεμόνα
1158 2500 1212 2554 καί
1236 2495 1405 2575 ἐπίτροπον

243 2626 303 2680 τῶν
325 2617 554 2700 ἐκδημοῦντων,
579 2624 701 2703 σωρούς
723 2627 828 2681 ποιεῖν
850 2620 958 2681 λίθων
980 2626 1034 2681 καί
1057 2618 1222 2699 διάγοντας
1240 2618 1405 2701 προσβάλ-

242 2745 313 2806 λειν
335 2745 462 2820 λίθους,
487 2751 543 2806 καί
566 2748 693 2818 τούτους
715 2746 828 2807 καλεῖν
851 2745 1025 2829 Ἑρμαίους
1047 2746 1176 2826 λόφους.

288 2863 445 2931 Eustath.
475 2863 518 2930 ad
550 2862 612 2931 Od.
643 2893 667 2932 π
696 2862 759 2931 471
777 2915 871 2933 .....
902 2873 1123 2954 προσέρριψαν
1153 2876 1207 2943 τάς
1237 2870 1405 2949 φῆφουςδ

243 2995 368 3055 καθίνα
391 3000 452 3055 τῶν
473 2997 657 3077 κρειττόνων
680 2998 784 3078 ῆρίμα
806 3000 848 3073 τῷ
868 2994 981 3078 Ἑρμῆ,
1000 2996 1177 3074 βάλλοντες
1196 3000 1266 3057 οῖον
1284 2998 1405 3057 ἐκεῖνον

242 3120 360 3196 λίθοις,
383 3127 438 3181 καί
462 3123 542 3182 ούτω
565 3125 620 3199 τῆν
643 3126 697 3182 τοῦ
722 3123 824 3201 φόνου
847 3124 963 3201 ποίνην
987 3123 1226 3201 ἀφωσιώσαντο.

264 3239 336 3307 ’ΘΙ
362 3239 416 3308 Et.
442 3240 488 3306 M.
511 3237 596 3324 375,
619 3238 664 3307 55
687 3238 832 3325 (ἀυτεῖ).

287 3363 428 3432 Cornut.
461 3383 489 3430 υ.
522 3361 585 3448 16,
615 3385 650 3453 p.
680 3361 734 3430 λῖν.
765 3374 1024 3454 προσσωρεύουσι
1055 3370 1090 3432 δὲ
1111 3375 1181 3444 τούς
1202 3371 1319 3444 λίθους
1342 3378 1406 3444 τοῖς

244 3488 379 3575 Ἑρμαῖς
412 3496 547 3556 ἑκάστου
577 3500 639 3557 τῶν
670 3498 851 3578 παριόντων
879 3498 937 3557 ἕνα
962 3501 1032 3558 τινά
1056 3498 1162 3568 αὐτοῖς
1183 3497 1407 3578 προστιθέντος

242 3619 309 3697 ἦτοι
344 3624 386 3693 ὡς
418 3623 577 3704 χρήσιμόν
610 3644 639 3682 τι
673 3625 706 3682 τό
737 3620 814 3703 παρ’
845 3623 942 3683 αύτδν
972 3623 1104 3682 ἑκάστου
1133 3627 1188 3682 καί
1218 3626 1405 3683 κοινωνικόν

243 3749 409 3817 ποιοῦντος
441 3744 495 3807 διά
525 3751 579 3806 τοῦ
609 3746 781 3828 καθαίρειν
810 3750 865 3825 τῆν
889 3744 965 3806 δδδν
986 3749 1046 3806 είτε
1067 3747 1405 3827 μαρτυροποιουμένου

243 3872 296 3929 τὸν
316 3868 439 3951 Ἑρμῆν
458 3874 518 3932 είτε
537 3874 579 3943 ὡς
597 3872 893 3951 ἐπισημαινομένου
913 3875 967 3949 τῆν
987 3873 1031 3943 είς
1044 3872 1252 3949 αύτδντιμῆν,
1266 3873 1295 3931 εί
1304 3869 1405 3950 μηδὲν

244 3995 329 4055 ἀλλο
352 3997 418 4076 ἔχει
442 4003 663 4078 προσενεγκεῖν
687 3999 781 4076 αύτῷ,
806 4000 866 4058 είτε
889 3994 1094 4078 ἐκδηλότερον
1116 4003 1179 4068 τοῖς
1201 4001 1353 4078 παριοῦσι
1371 3999 1405 4056 τὸ

243 4118 408 4202 ἀφίδρυμα
429 4126 605 4195 ποιοῦντος.

286 4236 386 4306 Babr.
420 4237 474 4307 48.
510 4250 544 4307 ἐν
579 4245 641 4327 ὁδῷ
674 4264 718 4320 τις
753 4244 872 4330 Ἑρμῆς
904 4248 1093 4329 τετράγωνος
1123 4249 1264 4325 είστῆκει,
1295 4246 1403 4307 λίθων

243 4366 326 4429 δ’δπ’
349 4372 434 4449 αύτῷ
458 4375 558 4454 σωρδς
580 4376 628 4450 ῆν.

287 4488 385 4557 Ome.
410 4487 529 4578 Sibyll.
554 4489 692 4579 Fragm.
716 4489 783 4569 III,
807 4488 851 4556 30
874 4492 919 4578 (p.
943 4487 1009 4556 237
1033 4489 1174 4576 Rzach).

1280 4608 1295 4654 6
1383 4634 1385 4637 ,
