3442 5175
789 450 833 516 pp

275 647 387 715 Schol.
423 647 527 714 Arist.
564 646 654 714 Plut.
690 644 767 713 213.
801 660 901 732 φασίν
931 656 972 724 ὡς
1002 653 1141 732 πλησίον
1170 657 1225 712 τοῦ
1247 649 1392 734 τρίποδος

232 779 335 862 δάφνη
360 785 475 855 ίστατο,
499 783 538 858 ἢν
560 783 580 858 η
602 779 730 854 Πυθία,
754 782 848 856 ἥνικα
873 774 1079 860 ἐχρησμῴδει,
1104 778 1213 838 ἐσειεν.

276 897 325 965 cf.
350 896 527 965 Biitticher
550 916 624 986 cap.
648 895 775 963 XXIII.

277 1021 413 1090 Laurus
437 1021 603 1110 Delphica
625 1020 836 1111 conspicitur
859 1020 896 1086 in
921 1019 1067 1109 picturis
1079 1019 1255 1087 nonnullis
1267 1038 1391 1087 vaseu-

233 1145 381 1214 laribus:
405 1145 534 1230 Millin,
558 1147 670 1214 Peint.
694 1146 737 1213 de
757 1146 864 1213 Vases
884 1143 916 1211 ΙΙ
935 1142 998 1230 68,
1019 1143 1392 1213 BaumeisterDenkm.

234 1269 266 1336 ΙΙ
296 1291 328 1359 p.
352 1268 458 1354 1148,
481 1270 538 1359 fig.
562 1269 667 1354 1315,
692 1269 870 1338 Βότίίοίτοε
893 1268 950 1357 fig.
970 1268 992 1335 2
1016 1267 1170 1356 (Orestes
1193 1268 1291 1336 iuxta
1314 1289 1392 1336 um-

233 1392 409 1479 bilicum);
441 1393 618 1462 ssntticher
648 1394 705 1483 fig.
726 1394 787 1483 25,
819 1395 907 1464 Mus.
932 1391 1032 1461 Borb.
1058 1392 1105 1461 IV
1127 1391 1167 1477 93
1190 1393 1227 1460 in
1250 1392 1395 1481 picturis

234 1519 430 1607 parietinis:
457 1518 581 1609 Helbig
602 1517 687 1604 206,
710 1517 793 1606 208,
816 1516 900 1602 2093
925 1518 1069 1607 Daphne
1092 1517 1129 1584 in
1148 1516 1394 1586 laurumcom-

235 1649 409 1712 mutatur:
435 1644 560 1733 Helbig
580 1642 663 1728 211,
687 1642 771 1727 213;
795 1643 883 1712 Mus.
907 1643 1009 1711 Borb.
1033 1644 1066 1709 X
1087 1640 1150 1723 58,
1174 1640 1240 1722 XII
1264 1639 1317 1707 33.

279 1842 297 1932 ἓ
319 1840 395 1910 109.
421 1841 486 1932 [5].
510 1842 558 1910 In
583 1841 698 1910 valle
722 1841 939 1929 Tempeia.
964 1845 1179 1927 (Ἀπόλλωνος
1201 1841 1347 1926 laurus).

280 1966 413 2035 Aelian.
437 1967 479 2034 V.
504 1966 545 2035 H.
569 1965 618 2033 III
640 1966 672 2034 1.
696 1972 764 2035 Καί
786 1975 829 2035 ἐτι
848 1979 904 2034 καί
923 1978 982 2035 νῦν
1000 1976 1087 2048 ἔτους
1105 1976 1218 2037 ἐνάτου
1237 1979 1268 2036 οὶ
1280 1973 1398 2054 Δελφοί

235 2098 352 2172 παῖόας
386 2101 521 2179 εὐγενεῖς
554 2100 725 2178 πέμπουσι,
760 2105 814 2160 καί
849 2100 1051 2182 ἄρχιθέωρον
1084 2101 1142 2160 ἐνα
1171 2106 1261 2179 σφῶν
1283 2101 1396 2160 αὐτῶν.

237 2223 274 2285 01
303 2222 337 2284 όέ
367 2225 623 2306 παραγενόμενοι
648 2230 703 2285 καί
725 2225 976 2306 μεγαλοπρεπῶς
997 2226 1153 2298 θόσαντες
1176 2228 1211 2286 ἐν
1233 2232 1296 2297 τοῖς
1321 2224 1398 2302 Τέμ-

236 2369 338 2420 πεσιν,
370 2351 485 2411 ἀπίασι
515 2348 618 2409 πάλιν
647 2351 820 2428 στεφάνους
846 2353 912 2411 ἀπὸ
935 2357 987 2429 τῆς
1009 2353 1103 2430 αὐτῆς
1125 2348 1245 2430 όάφνης
1268 2349 1398 2412 διαπλέ-

236 2478 352 2551 ξαντες,
377 2477 436 2552 ἀφ’
458 2477 561 2556 ἅσπερ
583 2479 638 2535 καί
660 2475 725 2534 τότε
749 2475 767 2534 ό
789 2474 867 2545 θεὸς
888 2477 1135 2555 ἐστεφανώσατο.

281 2645 299 2736 §
322 2645 397 2714 110.
423 2644 476 2737 [6]
502 2645 703 2714 Athenis.
728 2645 880 2736 (Ἀθηνᾶς
903 2646 1003 2736 Olea).

267 2771 445 2855 ,Herodoh
469 2769 550 2840 VIII
573 2770 626 2838 55.
657 2780 721 2838 ἐστι
744 2780 779 2838 ἐν
801 2785 837 2860 τῇ
859 2781 1017 2863 ἀκροπόλι
1040 2782 1134 2863 ταότη
1161 2778 1324 2864 Ἐρεχθέος
1346 2784 1400 2842 τοῦ

238 2905 382 2984 γηγενέος
415 2903 592 2982 λεγομένου
626 2906 709 2965 είναι
743 2908 827 2985 νηός,
863 2908 899 2967 ἐν
927 2910 968 2984 τῷ
998 2906 1092 2987 ἐλαίη
1114 2928 1145 2967 τε
1167 2913 1222 2969 καί
1243 2906 1400 2967 θάλασσα

238 3030 295 3105 ἔνι,
327 3033 365 3090 τά
393 3028 490 3107 λόγος
518 3033 607 3112 παρὰ
641 3029 824 3109 Ἀθηναίων
853 3029 1060 3093 Ποσειδέωνά
1091 3053 1122 3093 τε
1150 3038 1205 3093 καί
1232 3031 1401 3111 Ἀθηναίην

239 3157 404 3237 ἐρίσαντας
436 3161 508 3237 περί
542 3160 594 3234 τῆς
626 3156 730 3236 χώρης
762 3156 921 3238 μαρτύρια
937 3151 939 3156 ’
954 3155 1088 3218 θέσθαι.
1123 3157 1238 3236 ταύτην
1271 3158 1317 3237 ὧν
1346 3159 1402 3234 τὴν

240 3277 353 3360 ἐλαίην
394 3280 464 3357 άμα
502 3283 543 3358 τῷ
577 3278 671 3358 ἄλλῳ
705 3282 761 3362 ίρῷ
795 3279 952 3358 κατέλαβε
985 3281 1211 3364 ἐμπρησθῆναι
1244 3283 1307 3342 ὑπὸ
1341 3287 1402 3342 τῶν

239 3402 423 3486 βαρβάρων·
456 3399 582 3485 όευτέρη
612 3401 646 3463 όέ
675 3404 776 3486 ἡμέρη
805 3406 871 3464 ἀπὸ
900 3411 951 3483 τῆς
974 3407 1147 3488 ἐμπρήσιος
1173 3406 1349 3486 Ἀθηναίων
1371 3410 1401 3467 οί

240 3528 334 3589 θύειν
359 3529 422 3589 ὑπὸ
444 3528 598 3606 βασιλέος
619 3528 825 3606 κελευόμενοι
847 3531 890 3600 ὡς
913 3529 1076 3609 ἀνέβησαν
1098 3532 1129 3602 ές
1151 3533 1185 3590 τὸ
1209 3532 1287 3612 ίρόν,
1312 3533 1403 3611 ὥρων

240 3651 383 3728 βλάστον
405 3653 440 3712 ἐκ
462 3657 517 3713 τοῦ
540 3653 702 3733 στελέχεος
724 3656 802 3715 ὅσον
820 3675 851 3714 τε
873 3659 1035 3733 πηχυαῖον
1058 3652 1347 3737 όναόεὸραμηκότα.

287 3766 335 3835 Cf.
368 3768 468 3837 Paus.
500 3768 515 3836 Ι
545 3768 606 3854 27,
629 3770 669 3854 2,
693 3769 848 3860 Apollod.
873 3770 922 3838 ΙΙΙ
946 3769 1008 3855 Ili,
1033 3770 1049 3839 1
1076 3779 1254 3859 (ἐφύτευσεν
1276 3780 1402 3855 ἐλαίαν,

242 3900 263 3978 ἢ
285 3905 344 3961 νῦν
366 3902 401 3961 ἐν
423 3905 464 3980 τῷ
486 3897 680 3984 Πανόροσίῳ
704 3900 883 3981 δείκνυται),
908 3895 996 3964 Plin.
1023 3896 1065 3963 H.
1089 3897 1132 3964 N.
1158 3897 1237 3965 XVI
1261 3896 1315 3964 89.

288 4018 406 4108 Eunip.
429 4019 552 4108 fragm.
577 4018 630 4086 ed.
655 4019 778 4088 Matth.
804 4020 858 4106 17,
881 4019 935 4088 46.

463 4149 532 4212 οόό’
554 4153 623 4213 ἀντ’
644 4152 744 4225 ἐλάας
764 4153 901 4235 χρυσέας
923 4172 955 4214 τε
975 4148 1136 4235 Γόργονος

464 4280 609 4358 τρίαιναν
632 4277 735 4359 όρθην
758 4282 878 4340 στᾶσαν
901 4279 935 4339 ἐν
958 4278 1082 4350 πόλεως
1103 4265 1241 4360 βάθροις

463 4394 639 4479 Εὔμολπος
661 4399 734 4462 οόόέ
757 4399 843 4484 Θρᾷξ
867 4405 1039 4479 ἀναστέψει
1062 4403 1143 4475 λεὼς

467 4528 659 4605 στεφάνοισι,
