3442 5175
875 411 898 477 6

304 603 417 670 eidem
437 603 676 691 superstitioni
696 604 930 693 ascripserint.
952 603 1154 689 Schultze1)
1174 606 1379 692 praesertim
1400 606 1475 674 eius

304 725 594 814 significationem
636 746 742 813 qnam
785 726 936 793 maxime
979 725 1222 815 amplificavit3
1257 749 1327 796 non
1362 728 1474 797 solum

304 850 462 917 omnium
493 869 677 937 corporum
701 849 939 932 terrestrium,
964 849 1061 918 velut
1084 870 1266 936 saxorum,
1291 851 1476 938 arborum,

305 972 527 1052 animalium,
563 972 753 1056 montium,
783 973 953 1052 marium,
984 973 1172 1041 fluviorum
1197 976 1475 1059 venerationem,

305 1095 362 1164 sed
400 1096 505 1163 etiam
542 1094 639 1181 solis,
674 1095 796 1177 lunae,
829 1101 1020 1182 astrorum,
1052 1097 1200 1166 nubium
1224 1098 1358 1167 cultum
1382 1099 1477 1168 setis·

305 1218 410 1286 sismo
441 1219 603 1288 attribuit
613 1218 651 1307 ²).
684 1219 858 1288 Fetissum
886 1220 961 1288 eius
984 1222 1145 1309 opinione
1169 1243 1294 1312 eorpus
1318 1229 1370 1293 est
1380 1229 1476 1293 trao-

305 1342 429 1427 tabile,
450 1343 543 1432 quod
561 1363 818 1432 quamcumque
831 1344 875 1412 ob
887 1365 1029 1413 oausam
1041 1351 1249 1434 potestatem
1264 1348 1477 1437 singularem

306 1467 534 1556 animumque
567 1473 750 1556 tamquam
785 1469 983 1537 humanum
1016 1470 1145 1539 habere
1176 1476 1339 1560 putatur,
1370 1495 1477 1561 quarn

307 1591 350 1660 ob
385 1612 459 1659 rem
495 1591 672 1678 colitura.
708 1592 786 1660 Non
820 1594 959 1661 animus
993 1595 1119 1682 igitur,
1152 1597 1213 1684 qui
1244 1616 1370 1685 eorpus
1391 1597 1478 1666 illud

307 1714 466 1781 habitare
497 1716 670 1800 ereditur,
694 1717 919 1784 veneratione
942 1717 1088 1801 fruitur,
1112 1719 1172 1787 sed
1196 1739 1322 1809 eorpus
1344 1722 1479 1810 ipsum,

307 1840 391 1928 quia
421 1840 529 1906 animi
557 1839 681 1908 domus
704 1845 756 1908 est
769 1841 808 1929 4).
834 1840 904 1907 Alii
927 1840 1152 1910 fetissismum
1177 1843 1221 1912 ab
1244 1849 1320 1911 arte
1344 1846 1480 1933 magica

308 1984 378 2032 non
409 1965 630 2044 discernunt,
662 1983 813 2051 eumque
845 1983 914 2030 non
943 1963 987 2031 ad
1010 1964 1164 2050 eoelum,
1189 1966 1315 2047 solem,
1339 1967 1478 2049 lunam,

308 2089 367 2157 sed
388 2093 527 2156 tantum
547 2088 590 2155 ad
611 2108 666 2156 res
685 2093 869 2156 terrestres
889 2089 1064 2177 pertinere
1084 2090 1232 2158 credunt
1245 2092 1287 2179 ⁵).
1308 2091 1479 2180 Equidem

309 2213 345 2279 in
368 2214 474 2279 hoece
497 2212 585 2280 libro
609 2212 776 2281 Schultzii
800 2211 1038 2281 definitionem
1063 2234 1199 2302 sequar.

311 2414 523 2423 -.----

347 2535 366 2601 1)
385 2534 415 2585 F.
428 2533 581 2600 ¹Sohultze,
600 2533 656 2586 Der
675 2533 883 2586 Fetisohismus.

346 2624 367 2689 2)
393 2623 523 2688 Wilken,
547 2623 576 2673 in
601 2622 673 2674 libro
697 2623 745 2690 qui
772 2622 950 2675 insoribitur:
981 2623 1053 2688 ,Hei
1080 2623 1234 2675 Animisme
1260 2623 1294 2691 hij
1323 2623 1356 2675 de
1381 2624 1482 2676 volken

309 2731 335 2766 r.
355 2712 380 2763 d.
401 2712 463 2764 Iud.
483 2710 644 2778 Arohipel’',
664 2711 805 2763 Sohultzio
824 2727 937 2778 prorsus
956 2711 1122 2777 assentitur3
1141 2711 1195 2763 duo
1210 2714 1303 2764 autem
1323 2711 1486 2764 fetissorum*

309 2817 411 2869 genera
430 2801 594 2867 distinguit,
614 2816 661 2865 ee,
681 2816 751 2864 quae
770 2800 897 2868 singulus
917 2799 1034 2867 quisque
1054 2800 1175 2866 possidet
1194 2802 1221 2851 et
1232 2800 1482 2865 veneratur,velut

310 2891 497 2941 instrumenta
516 2892 544 2941 et
562 2890 700 2953 amuleta,
721 2905 807 2956 eaque
827 2905 898 2956 quae
917 2889 952 2940 eb
971 2888 1099 2940 omnibus
1118 2889 1255 2940 ooluntur.

347 2980 368 3046 3)
394 2978 524 3030 Sohultze
550 2978 589 3029 l.1.
615 2995 641 3045 p.
662 2980 727 3028 222:
750 2977 821 3044 „Der
847 2977 958 3028 Fetisoh
980 2978 1016 3028 ist
1036 2976 1081 3027 ein
1100 2976 1221 3028 sinulioh
1241 2976 1483 3029 wohrnehmbores

311 3067 426 3134 Objeot,
452 3067 513 3118 dem
533 3082 597 3117 man
616 3065 765 3117 besondere
785 3065 961 3117 ursdohliohe
981 3064 1081 3117 Krdfte
1101 3064 1239 3131 beimisst,
1259 3065 1351 3116 indem
1372 3081 1435 3116 man
1455 3081 1483 3117 es

311 3155 558 3222 anthropopatisoh
577 3154 705 3220 suffasst,
725 3153 782 3205 und
802 3154 850 3205 das
871 3169 933 3203 man
956 3153 1070 3204 deshalb
1090 3153 1228 3206 verehrt.’'

347 3245 369 3310 ⁴)
394 3244 485 3307 Tieio,
504 3243 562 3296 Een
583 3242 729 3294 Probleem
750 3242 798 3294 der
818 3241 1160 3309 Godsdienstwetensehap
1180 3259 1206 3309 p.
1227 3245 1291 3295 120:
1313 3243 1370 3308 ,De
1390 3242 1484 3294 Wilde

313 3332 427 3384 aanbidt
453 3332 511 3383 niet
537 3332 589 3383 den
608 3334 699 3398 geest,
719 3330 763 3382 die
782 3330 812 3381 in
832 3330 885 3381 den
904 3333 981 3382 steen
1001 3332 1091 3382 woont
1110 3330 1168 3396 (dat
1188 3331 1212 3382 is
1231 3346 1280 3382 een
1299 3332 1402 3399 hooger
1421 3335 1484 3396 trsp

311 3439 365 3475 van
390 3421 631 3490 godovereering),
657 3422 693 3488 hij
719 3419 834 3471 eanbidt
860 3419 993 3487 datgene,
1012 3422 1067 3470 wat
1087 3434 1152 3471 voor
1171 3435 1220 3471 ons
1239 3434 1289 3472 een
1308 3421 1399 3483 steen,
1418 3435 1483 3470 voor

312 3511 376 3563 hem
396 3511 490 3562 eehter
511 3526 561 3562 een
580 3508 701 3573 bezield,
722 3508 861 3574 maohtig,
881 3507 1020 3574 goddeiijk
1039 3523 1130 3559 wezen
1149 3507 1198 3560 is.”

348 3601 370 3666 ὅ)
390 3599 433 3651 Sir
451 3600 528 3651 John
546 3597 692 3662 Imbbook‚
712 3596 810 3664 Origin
831 3596 861 3647 of
879 3596 1057 3648 Civilizetion
1073 3597 1128 3648 end
1146 3596 1287 3664 primitive
1304 3595 1487 3647 oouditionof

313 3707 376 3741 men
405 3708 430 3757 p.
463 3692 526 3739 199:
558 3687 725 3753 ,Fetiohism
755 3685 779 3737 is
807 3686 855 3736 the
882 3688 958 3751 stage
983 3685 1013 3735 in
1032 3686 1124 3737 whioh
1144 3702 1208 3736 man
1229 3701 1359 3752 supposes
1379 3685 1413 3735 he
1433 3701 1484 3735 oen

313 3779 388 3830 soree
408 3778 455 3828 the
475 3775 573 3827 deities
593 3778 621 3825 to
641 3774 751 3842 oomply
770 3773 844 3845 wien
858 3773 903 3823 his
924 3772 1062 3825 desires.”.
1080 3773 1187 3824 Ibidem
1204 3789 1230 3839 p.
1244 3776 1304 3824 319:
1317 3772 1484 3838 ,Fotiohism

313 3866 337 3916 is
366 3868 414 3915 not
443 3864 520 3931 truly
545 3879 562 3913 a
591 3864 662 3914 form
693 3863 723 3914 of
750 3860 905 3928 „worship”
924 3865 954 3912 at
972 3862 1019 3912 all.
1040 3860 1093 3912 For
1113 3862 1160 3911 the
1179 3877 1264 3928 negro
1283 3860 1403 3921 believes
1423 3862 1485 3911 that

313 3954 350 4022 by
379 3969 473 4005 means
503 3953 534 4003 of
557 3953 605 4003 the
631 3950 717 4002 fetioh
744 3951 778 4002 he
804 3967 854 4002 ean
882 3966 976 4002 ooeroe
995 3949 1049 4001 end
1069 3950 1175 4001 oontrol
1194 3949 1238 4000 his
1257 3949 1342 4016 deity.
1359 3949 1393 4000 Iu
1413 3950 1484 4014 ieet,

313 4042 465 4094 Fetiohism
485 4039 509 4095 is
532 4057 605 4092 mere
625 4038 809 4091 witohereft.’'
827 4039 869 4090 of.
887 4038 1014 4105 Caspari,
1026 4038 1077 4089 Die
1088 4037 1485 4104 UrgesohiohtederMensoh·

313 4132 373 4184 heit
395 4131 409 4181 I
429 4147 455 4197 p.
479 4133 545 4195 3043
567 4128 722 4195 Chentepie
742 4128 775 4179 de
794 4128 822 4179 la
842 4126 990 4195 saussayo,
1012 4126 1101 4195 Relig.
1120 4127 1211 4196 gesoh.
1232 4127 1246 4178 Ι
1266 4144 1292 4194 p.
1313 4130 1354 4179 15.
