3442 5175
782 408 849 477 243

240 606 384 695 ideoque
403 609 534 673 certam
546 603 720 693 quandam
733 604 979 671 caerimoniam
992 603 1113 672 diebus
1124 601 1346 671 sollemnibus
1358 601 1395 669 in

242 730 314 798 eius
337 729 501 797 honorem
525 726 765 796 celebrandam
788 726 958 816 putabant
972 727 1011 814 1).

285 854 337 921 lta
378 851 471 920 aliud
517 872 639 919 saxum
680 850 783 918 aliam
822 851 866 920 ob
901 871 1041 919 causam
1075 848 1288 918 venerationi
1322 868 1395 917 esse

242 977 463 1059 credebatur,
494 977 553 1044 sed
583 995 702 1043 omnes
725 974 861 1043 fabulae
884 975 963 1043 illae
985 974 1020 1041 id
1043 974 1264 1062 spectabant,
1290 978 1330 1041 ut
1352 973 1396 1040 ad

242 1101 322 1169 deos
345 1102 416 1170 sive
440 1102 561 1169 heroes
580 1120 720 1189 prorsus
742 1099 912 1167 humanos
925 1098 1177 1187 quodammodo
1188 1099 1396 1187 pertinuisse

243 1225 461 1307 viderentur3
490 1229 671 1313 tantopere
692 1224 784 1292 enim
804 1223 979 1312 religionis
1001 1224 1133 1312 priscae
1157 1223 1253 1311 vigor
1276 1223 1395 1292 decre-

243 1353 358 1433 verat,
381 1358 422 1415 ut
441 1348 637 1417 animorum
657 1347 754 1417 sedes
772 1352 889 1437 partes
907 1353 1045 1416 tantum
1066 1348 1233 1416 secundas
1255 1353 1397 1437 agerent

181 1557 183 1561 v
244 1471 308 1540 sub
331 1472 705 1561 anthropomorphismi
728 1472 884 1560 imperio.

153 1573 155 1577 ⁸
287 1597 304 1686 ᾗ
338 1596 391 1664 47.
425 1597 524 1676 Quod
557 1617 626 1665 non
660 1595 771 1664 solum
801 1596 837 1662 in
870 1616 972 1679 saxa,
995 1597 1055 1663 sed
1079 1597 1183 1665 etiam
1205 1596 1240 1663 in
1263 1597 1397 1685 stipites

243 1721 352 1805 cadit3
386 1742 468 1790 nam
494 1722 593 1789 iuxta
615 1720 710 1810 ligna
732 1721 887 1789 indolata
910 1721 991 1789 deos
1013 1722 1308 1810 repraesentantia
1331 1721 1397 1788 alia

244 1845 474 1934 reperiuntur,
515 1864 604 1933 quae
645 1845 764 1913 bastae
796 1849 935 1913 tantum
969 1845 1112 1913 deorum
1147 1845 1218 1912 sive
1252 1845 1397 1912 heroum

244 1968 477 2054 habebantur,
510 1969 582 2035 sive
611 1968 688 2035 ideo
721 1968 757 2035 in
787 1970 925 2059 templis
948 1969 1144 2037 conservari
1166 1968 1396 2057 putabantur,

244 2094 326 2181 quia
351 2093 398 2160 dii
420 2092 570 2182 quodam
593 2092 694 2160 modo
716 2093 759 2161 iis
782 2094 834 2161 usi
858 2098 989 2181 essent,
1009 2098 1050 2162 ut
1072 2092 1230 2160 homines
1252 2092 1397 2161 adiuva-

244 2221 339 2299 rent3
370 2215 465 2285 velut
495 2216 712 2285 Chaeroneae
738 2225 809 2298 Διὸς
830 2224 1024 2307 sceptrum,
1048 2217 1140 2307 quod
1162 2221 1281 2306 postea
1304 2215 1398 2303 Aga·

245 2361 464 2408 memnonem
486 2361 548 2428 pro
566 2346 700 2430 sceptro
712 2342 873 2410 habuisse
885 2341 1083 2426 narrabant,
1095 2339 1251 2429 religiose
1263 2339 1398 2407 coleba-

245 2470 303 2533 tur
314 2466 343 2553 2)
357 2469 392 2533 et
404 2464 549 2554 Sicyone
561 2465 696 2555 lignum
708 2467 745 2535 in
757 2472 964 2547 ’Λπόλλωνος
974 2472 1094 2535 Λυκίου
1106 2465 1235 2555 templo
1246 2465 1397 2546 iacebat,

245 2592 344 2661 cuius
369 2591 495 2660 cortice
522 2591 606 2659 deus
633 2591 748 2681 lupos,
776 2613 897 2682 greges
916 2593 1140 2676 trucidantes
1164 2597 1347 2659 necaverat
1359 2591 1397 2681 3).

288 2714 306 2804 ξ
325 2714 378 2783 48.
393 2715 566 2783 Arborum
579 2736 715 2805 quoque
728 2717 980 2806 permultarum
993 2717 1179 2801 veneratio,
1192 2716 1253 2783 tali
1265 2716 1398 2783 ratione

244 2839 489 2928 interpretata,
518 2860 641 2909 verum
663 2862 802 2909 sensum
826 2843 1000 2909 amiserat.
1024 2840 1099 2908 Deli
1122 2840 1240 2908 laurus
1264 2845 1299 2908 et
1322 2839 1398 2928 pal-

246 2983 302 3030 ma
325 2968 360 3030 et
383 2963 456 3032 olea
479 2964 696 3051 colebantur,
720 2966 814 3055 quod
835 2972 927 3054 Λητὼ
947 2966 1011 3034 sub
1030 2966 1072 3032 iis
1090 2965 1263 3055 peperisse
1276 2984 1399 3032 narra-

245 3085 402 3174 batur4).
425 3087 580 3156 Laurum
603 3110 755 3178 sacram,
779 3088 919 3179 Delphis
944 3090 1140 3175 adoratam,
1154 3089 1397 3157 hominumfa·

245 3208 410 3281 bulositas
447 3211 528 3282 olim
555 3214 745 3303 nympham
769 3214 874 3283 fuisse
898 3216 1169 3303 excogitaverat,
1194 3215 1250 3283 cui
1273 3234 1399 3282 nomen

246 3340 373 3423 Δάφνη,
403 3357 527 3425 quarn,
556 3342 595 3405 ut
626 3338 820 3408 Ἀπόλλωνα
851 3339 1035 3429 effugeret,
1067 3339 1172 3409 Terra
1201 3339 1238 3406 in
1260 3339 1398 3408 laurum

246 3461 449 3530 mutavisset
461 3461 499 3548 ⁶),
522 3461 658 3551 aliaque
679 3462 799 3532 laurus
821 3464 856 3531 in
882 3463 1067 3553 Tempibus
1079 3463 1282 3532 Thessalicis
1294 3484 1398 3531 vene-

246 3585 416 3653 rationem
447 3586 614 3673 habebat,
645 3588 726 3676 quia
749 3588 920 3658 Ἀπόλλων
944 3589 1102 3677 Pythone
1124 3589 1333 3678 interempto
1356 3589 1399 3656 de

247 3730 288 3777 ea
317 3710 439 3779 arbore
467 3712 606 3780 frondes
635 3711 877 3802 decerpsisset,
909 3712 1036 3802 quibus
1066 3734 1139 3782 sese
1166 3719 1345 3781 coronaret
1372 3716 1398 3802 l.

247 3902 456 3914 ——n-——nnn

284 4035 303 4105 ¹)
321 4037 402 4090 Paua.
421 4035 448 4089 X
466 4039 508 4103 24,
528 4038 552 4104 6,
570 4034 633 4090 ride
652 4035 711 4091 Lib.
730 4039 761 4091 II
780 4040 853 4106 §4st

283 4125 401 4192 ²)Paus.
421 4125 464 4178 IX
482 4128 524 4192 40,
544 4130 585 4193 11,
603 4127 667 4179 ride
686 4128 744 4180 Lib.
764 4129 796 4180 ΙΙ
815 4129 829 4195 5
849 4132 891 4180 94.

282 4210 303 4281 Β)
321 4214 394 4266 Pane
412 4214 443 4266 ΙΙ
462 4218 487 4281 9,
506 4217 530 4281 7,
550 4215 613 4267 vide
631 4215 691 4268 Lib.
710 4217 741 4268 Il
760 4218 775 4284 ξ
794 4219 836 4269 97,

282 4301 303 4370 ⁴)
322 4303 394 4355 Vide
412 4303 472 4355 Lib.
492 4304 523 4355 II
540 4305 572 4373 ἐξ
594 4307 740 4358 105-107.

283 4390 304 4458 r)
323 4391 394 4444 Vide
412 4392 472 4445 Lib.
491 4393 556 4460 115
578 4396 636 4446 108.

282 4480 304 4548 ⁰)
323 4481 382 4534 Ael.
403 4483 468 4535 Var.
487 4482 560 4538 Hist.
579 4483 627 4535 Ill
647 4486 671 4549 1,
689 4483 752 4536 ride
771 4484 830 4536 Lib.
850 4484 881 4536 II
900 4484 915 4551 ξ
935 4487 996 4539 109.
