3442 5175
243 719 274 788 C
296 718 328 786 ·l.

246 1466 321 1537 Dl.

246 2212 320 2282 Da.

350 589 444 662 Sami

351 718 446 787 Sami

349 1217 498 1286 Plataeis

346 1468 441 1536 Sami

348 1644 403 1784 ΑΛ
427 1715 591 1806 Mycenas

347 1963 527 2055 Olympiae

348 2088 492 2179 Spartae

345 2213 440 2283 Sami

290 2589 327 2681 3)
352 2594 578 2662 Ἀπόλλων.

247 2714 322 2786 Al.

246 3585 318 3654 Α2.

121 4228 124 4231 ’
244 4205 317 4276 Α4.

245 4331 316 4401 Α5.

346 2717 516 2785 Universe

347 2840 496 2929 Megaris

345 2964 486 3054 Delphis

345 3088 494 3178 Megaris

344 3337 485 3428 Delphis

343 3585 551 3657 Ambraciae

343 3710 438 3780 Orici

343 3820 545 3925 Apolloniae

342 3959 493 4049 Megaris

340 4083 500 4172 Byzantii

795 394 863 464 loa

725 603 823 671 σανίς.
1367 591 1412 659 84

726 717 825 785 Vitex
845 717 883 784 in
901 722 1007 806 Ἥρας
1024 715 1165 805 templo,
1177 715 1242 784 sub
1254 736 1323 804 qua

766 846 849 909 nata
872 846 958 910 erat.
1345 837 1412 907 Mt

724 965 957 1036 Simulacrum
973 972 1080 1055 Ἥρας
1090 965 1198 1034 ramis
1210 965 1323 1034 viticis

765 1092 950 1159 intextum.
1346 1088 1412 1157 154

726 1216 827 1284 Ritus
861 1213 1094 1282 Daedalorum
1129 1214 1182 1303 (in
1215 1219 1324 1304 Ἥρας

765 1338 971 1424 honoreml)
995 1337 1171 1407 celebrati.
1346 1337 1412 1405 155

727 1465 883 1533 Pavones
905 1464 942 1531 in
963 1466 1069 1554 Ἥρας
1088 1463 1168 1532 lano
1187 1464 1321 1533 nutriti.
1345 1461 1413 1531 248

721 1589 804 1658 Ovis
827 1609 935 1658 aurea
957 1589 993 1656 in
1017 1594 1118 1679 Ἥρας
1141 1588 1280 1679 templo.
1344 1587 1411 1657 257

723 1721 825 1805 Ἥρας
858 1712 1102 1799 simulacrum,
1141 1713 1178 1781 in
1213 1714 1313 1782 cuius

766 1843 902 1927 sceptro
925 1837 1071 1907 cuculus
1090 1837 1198 1906 sedet.
1345 1837 1412 1906 269

722 1970 813 2054 Ἥρα
836 1969 959 2032 Ἱππία.
1344 1963 1411 2032 272

724 2096 814 2179 Ἥρα
836 2095 1026 2176 Λλγοφόγος.

726 2213 814 2281 Adv.
837 2221 944 2305 Ἥρας
963 2220 1080 2305 caput3
1100 2237 1154 2283 av.
1173 2235 1263 2306 pavo
1274 2216 1311 2284 in

763 2360 868 2429 prora
890 2340 1025 2409 sedens,
1081 2325 1083 2330 ’
1343 2339 1411 2409 248

727 2715 937 2795 ’Λπόλλωνος
959 2716 1117 2802 'Apertam
1367 2716 1412 2785 22

813 2889 829 2923 „
955 2845 1102 2930 Καρόνου
1124 2841 1289 2929 pyramis.
1366 2841 1410 2910 27

724 2966 933 3045 ’Λπόλλωνος
955 2976 1042 3034 κίων.
1366 2966 1411 3035 29

723 3087 853 3157 Saxum
876 3090 913 3157 in
934 3110 1003 3178 quo
1020 3096 1061 3159 Ἄ.
1075 3091 1246 3160 citharam
1259 3112 1322 3182 po·

756 3219 894 3304 suerat.
1366 3218 1411 3288 54

721 3338 958 3408 Umbilicusin
967 3361 1036 3429 quo
1048 3341 1171 3411 sedens
1182 3343 1322 3413 oracula

766 3463 868 3533 edere
891 3464 1107 3535 credebatur.
1366 3469 1411 3537 43

725 3596 930 3672 ’Λπόλλωνος
955 3597 1101 3679 ’Λγυιόως
1120 3592 1299 3665 obeliscus.
1366 3594 1411 3664 24

1204 3768 1217 3800 ,
1366 3720 1411 3789 25

823 3888 836 3919 „
1022 3889 1035 3919 „
1206 3892 1219 3922 „
1366 3843 1411 3912 26

823 4012 836 4043 „
911 4043 913 4045 ¹
952 3970 1098 4054 Καρόνοο
1206 4016 1219 4048 ,
1365 3969 1410 4038 27

1205 4142 1220 4175 „
1365 4093 1411 4162 28

822 4260 835 4291 „
951 4212 1121 4283 columna.
1205 4265 1218 4295 „
1366 4216 1410 4285 37

720 4335 835 4404 Conus
858 4338 949 4427 apud
974 4360 1079 4427 quem
1101 4361 1220 4411 ramus
1243 4343 1320 4411 lau·

765 4480 846 4531 reus
870 4467 905 4531 et
927 4462 1013 4551 lyra.
1366 4466 1411 4537 38
