3442 5175
786 393 853 460 139

211 664 215 672 ,
277 592 369 659 ΡΙῑΙί.
400 590 528 658 Cleom.
558 587 612 657 39.
644 601 675 658 σί
707 597 845 659 παλαιοί
876 600 1020 676 μάλιστα
1052 606 1113 660 τῶν
1136 600 1228 677 ζῴων
1251 603 1305 661 τόν
1329 598 1403 681 δρά·

232 745 328 785 κοντα
352 729 416 795 τοῖς
438 726 538 803 ἥρωσι
562 726 794 800 συνῳκείωσαν.

277 842 379 908 Paus.
412 838 426 906 Ι
455 836 518 922 36,
553 837 580 905 l.
612 848 866 926 ναυμαχούντων
897 845 931 906 δὲ
963 843 1149 927 Ἀθηναίων
1171 852 1250 929 πρὸς
1272 846 1405 926 Μήδους

234 970 390 1054 δράκοντα
414 973 448 1031 ἐν
471 977 539 1043 ταῖς
562 976 659 1031 ναυσί
681 970 807 1049 λέγεται
832 977 985 1051 φανῆναι·
1009 977 1119 1033 τοῦτον
1139 974 1156 1032 6
1175 973 1253 1044 θεός
1271 974 1405 1055 ἔχρησεν

236 1096 423 1176 Ἀθηναίοις
445 1093 579 1176 Κυχρέα
603 1098 686 1155 είναι
711 1097 764 1154 τόν
786 1098 885 1175 ἥρωα.

277 1212 390 1280 Strab.
426 1212 474 1279 IX
509 1209 548 1296 3,
578 1210 608 1278 3.
641 1221 699 1298 ἀφ’
732 1222 771 1280 οδ
803 1217 914 1288 δέκαί
938 1219 1117 1301 Κυχρείδης
1141 1222 1222 1300 ὄφις,
1247 1225 1285 1283 δν
1308 1244 1405 1303 φησιν

233 1342 384 1416 Ἡσίοδος
420 1344 576 1427 τραφέντα
606 1345 669 1404 δπό
700 1342 853 1424 Κυχρέως
884 1344 1081 1422 ἐξελαθῆναι
1111 1346 1174 1405 ὑπὸ
1200 1344 1403 1427 Εὐρυλόχου,

232 1469 475 1547 λυμαινόμενον
508 1473 564 1546 τὴν
598 1474 706 1546 νῆσον,
741 1466 964 1543 δποδέξασθαι
995 1467 1029 1528 δὲ
1061 1471 1157 1530 αὐτόν
1180 1474 1236 1547 τὴν
1259 1469 1405 1551 Δήμητρα

233 1596 277 1665 είς
303 1591 474 1654 Ἐλευσῖνα
497 1598 552 1654 καί
574 1594 726 1671 γενέσθαι
751 1595 863 1672 ταύτης
886 1593 1084 1672 ἀμφίπολον,

277 1709 380 1777 Paua
412 1709 460 1776 'VI
489 1708 551 1790 20,
583 1708 605 1775 3
618 1759 714 1777 .....
745 1718 873 1778 τιθέασι
903 1717 946 1795 (σί
970 1714 1109 1791 Ἠλεῖοι)
1134 1721 1167 1778 ιδ
1190 1717 1321 1780 παιδίον
1343 1725 1405 1803 πρὸ

232 1846 287 1902 τοῦ
319 1842 548 1922 στρατεύματος
582 1844 713 1921 γυμνόν.
746 1844 887 1924 ἐπῄεσάν
917 1864 948 1903 τε
979 1841 1018 1920 δὴ
1048 1847 1078 1904 οί
1113 1841 1269 1926 Ἀρκάδες,
1294 1851 1348 1905 καί
1372 1850 1406 1906 ιδ

233 1964 364 2027 παιδίον
387 1967 530 2027 ἐνταῦθα
552 1965 612 2047 ἤδη
636 1965 762 2047 δράκων
782 1969 832 2044 ην·
857 1968 1049 2049 ταραχθεῖσι
1073 1965 1107 2028 δὲ
1128 1969 1180 2028 ἐπί
1200 1973 1241 2046 τῷ
1264 1970 1406 2048 θεάματι

233 2097 297 2163 τοῖς
330 2089 463 2172 Ἀρκάσι
498 2096 552 2151 καί
583 2089 730 2151 ἐνδοῦσιν
759 2093 791 2162 ἐς
820 2095 924 2170 φυγὴν
954 2092 1112 2153 ἐπέκειντο
1135 2096 1166 2153 σί
1190 2092 1327 2169 Ἠλεῖοι,
1351 2100 1406 2155 καί

233 2219 324 2294 νίκην
354 2236 385 2276 τε
416 2217 667 2295 ἐπιφανεστάτην
698 2215 865 2277 άνείλοντο
896 2220 951 2276 καί
982 2218 1087 2294 όνομα
1110 2221 1150 2294 τῷ
1173 2218 1241 2295 θεῷ
1264 2219 1406 2280 τίθενται

233 2337 429 2401 Σωσίπολιν.
464 2340 549 2400 ἐνθα
579 2337 613 2399 δὲ
645 2343 754 2418 σφίσιν
778 2341 796 2399 6
819 2338 945 2419 δράκων
968 2338 1074 2415 ἔδοξεν
1097 2338 1226 2402 ἐσδῦναι
1250 2347 1329 2419 μετά
1352 2348 1406 2421 τὴν

232 2466 352 2545 μάχην,
377 2469 410 2525 τὸ
435 2468 522 2548 ίερδν
543 2467 700 2544 ἐποίησαν
722 2465 874 2526 ἐνταῦθα.

278 2582 380 2650 Paus.
416 2579 431 2648 l
464 2579 526 2666 λθ,
563 2580 593 2648 7.
628 2595 682 2650 καί
715 2589 855 2668 πλησίον
890 2594 944 2650 τοῦ
975 2588 1105 2670 δόρατος
1136 2585 1258 2669 (Νίκης)
1281 2588 1406 2673 δράκων

234 2716 326 2775 ἐστίν·
352 2717 400 2794 εἴη
426 2710 497 2775 δ’άν
521 2714 728 2796 Ἐριχθόνιος
751 2717 841 2786 οὗτος
866 2716 883 2774 6
907 2712 1041 2794 δράκων.

277 2831 370 2898 Paus
405 2831 451 2898 IV
476 2830 537 2912 14,
564 2830 583 2896 7
599 2881 697 2899 .....
725 2838 951 2920 Ἀριστομένης,
977 2841 1011 2911 ὃς
1033 2845 1088 2900 καί
1112 2845 1171 2901 νῦν
1193 2842 1237 2902 ἔτι
1261 2844 1303 2914 ὡς
1324 2847 1407 2925 ἥρως

234 2965 300 3044 ἔχει
323 2967 413 3046 παρὰ
436 2962 633 3044 Μεσσηνίοις
656 2965 756 3042 τιμάς.
781 2967 836 3042 καί
859 2966 890 3024 or
913 2970 968 3023 καί
992 2967 1030 3023 τά
1053 2971 1104 3043 τῆς
1123 2967 1273 3043 γενέσεως
1292 2969 1406 3045 ἐπιφα-

233 3091 364 3169 νέστερα
405 3090 545 3170 ὑπάρξαι
579 3087 758 3165 νομίζουσι·
794 3085 983 3168 Νικοτελείᾳ
1018 3093 1078 3168 γάρ
1114 3094 1149 3168 τῇ
1182 3095 1276 3170 μητρί
1309 3092 1407 3150 αὐτοῦ

235 3211 376 3290 δαίμονα
397 3214 418 3289 ἢ
440 3212 521 3272 θεόν
544 3210 691 3293 δράκοντι
715 3212 906 3289 εἰκασμένον
930 3211 1141 3290 συγγενέσθαι
1165 3211 1306 3290 λέγουσι.

279 3331 327 3398 Cf.
355 3332 454 3398 Paus.
482 3328 562 3396 VIII
587 3327 626 3413 8,
650 3328 681 3395 4.

281 3455 406 3542 Hygin.
430 3453 497 3520 fab.
521 3452 594 3519 1160.
626 3454 765 3541 Python
790 3454 918 3520 Terrae
943 3453 1033 3520 filius
1058 3452 1161 3519 draeo
1185 3453 1326 3540 ingens3
1350 3454 1407 3521 hie

116 3672 118 3675 ι
234 3584 316 3647 ante
352 3578 546 3665 Apollinem
582 3598 624 3645 ex
659 3577 798 3646 oraculo
828 3579 865 3645 in
899 3582 1016 3644 monte
1049 3577 1219 3644 Parnasso
1243 3598 1407 3666 responsa

236 3706 318 3773 dare
341 3704 464 3772 solitus
488 3708 550 3771 est.

280 3829 329 3896 Cf.
362 3827 483 3895 Rhode
514 3826 648 3915 Psyche
682 3825 803 3901 11133,
827 3826 866 3893 6:
900 3826 985 3893 »Die
1016 3825 1340 3914 Schlangengestalt
1362 3828 1408 3894 ist

236 3954 303 4020 den
350 3952 575 4040 Erdgeistern
610 3950 728 4037 eigen,
764 3949 836 4016 und
873 3950 950 4016 weil
985 3949 1185 4037 Erdgeister
1219 3950 1408 4038 durehweg

236 4078 430 4146 mantische
466 4076 567 4142 Kraft
600 4074 732 4155 haben,
767 4074 834 4140 den
871 4072 1160 4162 Orakelgeistern.
1193 4074 1408 4162 Trophonias

236 4202 394 4270 ersehien
429 4201 480 4289 als
515 4199 704 4287 Sahlange,
740 4198 831 4266 auch
868 4198 1058 4286 Asklepios.
1102 4199 1171 4265 Der
1207 4197 1407 4286 delphische

237 4333 362 4416 δράκων
392 4326 438 4392 ist
465 4324 555 4391 ohne
579 4323 716 4391 Zweisel
741 4323 929 4410 eigentlieh
954 4324 1031 4390 eine
1055 4323 1324 4410 Verk6rperung
1348 4323 1408 4389 des

237 4448 548 4537 vorapollinisehen
574 4445 857 4516 Orakeldamons.
885 4447 929 4515 So
953 4452 1030 4535 sagt
1051 4446 1244 4534 Hesychius
1264 4447 1407 4535 gerade·
