3442 5175
859 395 904 461 52

615 595 708 656 ἔνδον
732 594 765 655 tr
787 595 956 673 θαλάμοις
978 595 1140 673 βουκόλον

560 725 707 798 κομῶντα
729 723 829 796 κισσῷ
853 719 970 780 στῦλον
986 717 1089 779 Εὐίου
1112 719 1202 779 θεοῦ.

296 845 445 919 σημαίνει
479 839 513 900 δὲ
544 844 562 901 ὁ
585 842 699 914 στῦλος
721 846 755 901 τὸ
777 844 994 903 ἀνεικόνιστον
1017 847 1071 903 τοῦ
1095 843 1186 916 θεοῦ,
1211 844 1229 901 ὁ
1253 840 1287 901 oa
1309 862 1464 920 πεφωτισ-

294 965 390 1042 μένος
424 964 538 1037 στῦλος
571 970 650 1047 πρὸς
679 970 713 1025 τὸ
748 968 964 1028 ἀνεικόνιστον
996 971 1165 1046 σημαίνειν
1195 964 1289 1044 ὅηλοῑ
1320 969 1354 1026 τὸ
1377 967 1464 1037 ἑστὸς

294 1095 349 1149 καί
382 1090 522 1166 μόνιμον
556 1094 611 1149 τοῦ
644 1090 725 1150 θεοῦ
759 1097 814 1152 καί
844 1094 879 1149 τὸ
902 1092 1054 1172 ἄτρεπτον
1077 1091 1175 1149 αὐτοῦ
1198 1093 1265 1167 φῶς
1286 1095 1341 1149 καί
1365 1092 1464 1169 ἀσχη-

293 1214 454 1288 μάτιστον.

342 1450 405 1518 Hic
427 1451 543 1540 potius
568 1453 610 1519 de
634 1453 735 1541 cippo
758 1452 873 1541 ligneo
895 1473 1001 1541 quam
1022 1451 1158 1540 lapideo
1178 1471 1375 1519 sermonem
1388 1451 1464 1519 fieri

295 1576 473 1659 existimo,
506 1596 612 1665 quam
644 1576 783 1644 obrem
808 1598 889 1645 eum
913 1578 1020 1644 etiam
1042 1575 1135 1643 inter
1158 1575 1294 1663 stipites
1308 1564 1461 1643 'enume-

295 1697 390 1764 rabo.
415 1698 553 1765 Etenim
578 1699 668 1786 pali,
693 1701 806 1787 capite
829 1706 865 1767 et
887 1700 1043 1768 vestibus
1067 1700 1182 1767 ornati
1205 1700 1464 1787 transitumque

295 1820 338 1885 ad
361 1820 592 1890 idololatriam
616 1823 824 1907 formantes,
849 1829 1003 1891 Διόνυσον
1026 1828 1306 1911 repraesentant3
1329 1822 1464 1911 stipites

294 1943 403 2030 igitur
438 1945 512 2012 eius
549 1951 604 2032 ε’ὅη
640 1946 747 2013 fuisse
782 1950 936 2026 constat,
972 1949 1007 2011 et
1043 1945 1172 2011 hancoe
1205 1943 1404 2013 columnam
1426 1946 1463 2012 in

294 2086 416 2134 eorum
439 2089 585 2136 numero
609 2069 805 2138 habendam
828 2090 902 2137 esse
926 2067 1136 2136 verisimile
1160 2067 1246 2134 mihi
1271 2068 1419 2136 videtur.

338 2315 356 2402 ἕ
374 2313 427 2383 32.
443 2314 531 2406 [11].
553 2315 740 2404 Sicyone
760 2324 843 2402 (Διὸς
862 2321 1040 2403 Μειλιχίου
1051 2313 1217 2404 pyramis
1232 2318 1267 2381 et
1280 2316 1463 2402 Ἀρτέμιδος

293 2443 454 2526 Πατρῴας
476 2439 623 2528 cippus).

335 2561 438 2629 Palis.
464 2560 514 2642 II,
539 2561 579 2644 9,
603 2560 634 2629 6.
658 2568 750 2632 Μετὰ
773 2568 807 2631 aa
830 2574 865 2630 τὸ
892 2569 1024 2652 Ἀράτου
1048 2572 1153 2650 ἡρῷον
1175 2568 1240 2628 ἔστι
1262 2571 1324 2647 μὲν
1345 2566 1463 2630 Ποσει-

294 2690 371 2753 δῶνι
418 2690 554 2771 Ἰσθμίῳ
588 2695 706 2771 βωμός,
742 2694 806 2755 ἔστι
842 2692 876 2753 or
910 2693 988 2765 Ζεὺς
1022 2691 1195 2771 Μειλίχιος
1227 2698 1283 2752 καί
1317 2691 1463 2772 ’Λρτεμις

294 2815 519 2896 ὀνομαζομένη
553 2814 705 2898 Πατρῴα,
741 2821 801 2879 σῦν
834 2821 928 2900 τέχνη
958 2799 1159 2897 πεποιημένα
1182 2814 1337 2896 οὐδεμιᾷ·
1362 2835 1461 2896 πυρα-

292 2937 362 3016 μίὸι
385 2937 419 2998 ὅὲ
443 2941 461 2998 ὁ
483 2937 664 3019 Μειλίχιος,
689 2944 710 3018 η
733 2939 767 3001 oa
790 2945 875 3003 κίονί
898 2943 982 3002 ἐστιν
1006 2941 1187 3019 εἰκασμένη.

338 3177 421 3267 533.
437 3178 523 3268 [12].
549 3177 596 3246 In
620 3178 809 3266 Lyean,
826 3179 864 3245 in
882 3184 1000 3246 monte
1025 3179 1194 3246 Arcadiae
1215 3183 1299 3261 (Διὸς
1316 3183 1461 3247 Λυκαίου

293 3307 416 3384 κίονες).

339 3426 442 3492 Paus.
483 3423 587 3508 VIII,
619 3422 675 3510 38,
710 3424 741 3491 7.
765 3432 851 3494 Ἔστι
875 3431 909 3492 δὲ
933 3434 985 3493 ἐπί
1008 3438 1045 3513 τῇ
1067 3434 1150 3514 ἄκρᾳ
1175 3438 1211 3513 τῇ
1235 3434 1383 3494 ἀνωτάτω
1407 3438 1461 3493 τοῦ

293 3557 386 3637 ὄρους
419 3559 474 3632 γῆς
505 3560 612 3635 χῶμα,
649 3552 720 3628 Διὸς
753 3561 809 3616 τοῦ
842 3554 988 3617 Λυκαίου
1022 3557 1140 3634 βωμός,
1173 3562 1227 3616 καί
1250 3560 1271 3634 η
1292 3554 1460 3616 Πελοπόν-
1558 3577 1562 3583 ·

293 3699 388 3758 νησος
422 3681 461 3737 τὰ
482 3677 595 3738 πολλοί
619 3678 703 3738 ἐστιν
726 3677 782 3738 ἀπ’
806 3681 905 3739 αὐτοῦ
929 3682 1102 3751 σύνοπτος·
1128 3683 1191 3761 πρὸ
1215 3678 1249 3740 δὲ
1272 3684 1326 3740 τοῦ
1348 3680 1461 3757 βωμοῦ

292 3804 394 3873 κίονες
428 3799 486 3861 ὅῦο
520 3803 562 3873 ὡς
596 3802 649 3861 ἐπί
683 3804 858 3882 ἀνίσχοντα
893 3804 1060 3880 ἑστήκασιν
1094 3802 1198 3880 ἥλιον,
1234 3792 1326 3863 ἀετοί
1354 3800 1388 3862 δὲ
1411 3801 1461 3861 ἐπ’

294 3925 399 3994 αὐτοῖς
432 3926 599 4006 ἐπίχρυσοι
630 3927 668 3984 τά
698 3947 732 4003 χε
761 3927 806 3986 ἔτι
829 3926 1029 4008 παλαιότερα
1053 3927 1249 4004 ἐπεποίηντο.
1275 3927 1328 3986 ἐπί
1350 3928 1461 3986 τοῦτου

292 4051 347 4106 τοῦ
380 4045 494 4124 βωμοῦ
528 4053 569 4127 τῷ
602 4047 735 4127 Λυκαίῳ
767 4048 814 4110 Διί
845 4050 985 4110 θῦουσιν
1016 4051 1051 4110 ἐν
1085 4050 1260 4133 ἀπορρήτῳ·
1293 4048 1459 4130 πολυπρα-

292 4175 450 4248 χμονῆσαι
481 4168 515 4229 δὲ
538 4172 577 4229 οῦ
598 4192 655 4247 μοι
678 4176 716 4232 τὰ
740 4173 771 4244 ἐς
794 4176 849 4250 τὴν
872 4173 995 4233 θυσίαν
1018 4170 1077 4249 ηὸῦ
1101 4174 1150 4248 ἦν,
1172 4172 1267 4250 ἐχέτω
1287 4169 1321 4230 ἀὲ
1341 4173 1383 4242 ὡς
1394 4173 1460 4251 ἔχει

291 4298 346 4352 καί
370 4295 412 4363 ὡς
433 4293 527 4372 ἔσχεν
550 4295 584 4369 ἐξ
606 4296 715 4374 ἀρχῆς,
